@working_paper{Cardoso2020,
   author = {Kleber Vieira Cardoso and Cristiano Bonato Both and Lúcio Rene Prade and Ciro J. A. Macedo and Victor Hugo L. Lopes},
   month = {6},
   title = {A softwarized perspective of the 5G networks},
   url = {http://arxiv.org/abs/2006.10409},
   year = {2020},
}

@article{Redana2020,
   author = {Simone Redana and Ömer Bulakci and Christian Mannweiler and Laurent Gallo and Apostolos Kousaridas and David Navrátil and Anna Tzanakaki and Jesús Gutiérrez and Holger Karl and Peer Hasselmeyer and Anastasius Gavras and Stephanie Parker and Edward. Mutafungwa},
   doi = {10.5281/zenodo.3265031},
   title = {5G PPP Architecture Working Group View on 5G Architecture},
   url = {http://doi.org/10.5281/zenodo.3265031},
   year = {2020},
}

@article{Ahmad2019,
   author = {Ijaz Ahmad and Shahriar Shahabuddin and Tanesh Kumar and Jude Okwuibe and Andrei Gurtov and Mika Ylianttila},
   doi = {10.1109/COMST.2019.2916180},
   issn = {1553-877X},
   issue = {4},
   journal = {IEEE Communications Surveys \& Tutorials},
   keywords = {5G,NFV security,SDN security,cloud security,mobile networks security,privacy,security,security challenges,security solutions},
   month = {10},
   pages = {3682-3722},
   publisher = {Institute of Electrical and Electronics Engineers Inc.},
   title = {Security for 5G and Beyond},
   volume = {21},
   url = {https://ieeexplore.ieee.org/document/8712553/},
   year = {2019},
}

@article{delperal2018,
   author = {Jose A. del Peral-Rosado and Ronald Raulefs and Jose A. Lopez-Salcedo and Gonzalo Seco-Granados},
   doi = {10.1109/COMST.2017.2785181},
   issn = {1553-877X},
   issue = {2},
   journal = {IEEE Communications Surveys \& Tutorials},
   keywords = {5G,Cellular localization,cellular networks,positioning,standard location methods},
   month = {4},
   pages = {1124-1148},
   publisher = {Institute of Electrical and Electronics Engineers Inc.},
   title = {Survey of Cellular Mobile Radio Localization Methods: From 1G to 5G},
   volume = {20},
   url = {https://ieeexplore.ieee.org/document/8226757/},
   year = {2018},
}

@book_section{Yi2012,
   author = {SeungJune Yi and SungDuck Chun and YoungDae Lee and SungJun Park and SungHoon Jung},
   city = {Chichester, UK},
   doi = {10.1002/9781118188545.ch7},
   journal = {Radio Protocols for LTE and LTE-Advanced},
   month = {9},
   pages = {151-158},
   publisher = {John Wiley \& Sons, Ltd},
   title = {Overview of LTE and LTE-Advanced New Features},
   url = {https://onlinelibrary.wiley.com/doi/10.1002/9781118188545.ch7},
   year = {2012},
}

@inproceedings{Miah2002,
   author = {A. Miah and K. Tan},
   doi = {10.1109/SCORED.2002.1033099},
   isbn = {0-7803-7565-3},
   journal = {Student Conference on Research and Development},
   pages = {228-232},
   publisher = {IEEE},
   title = {An overview of 3G mobile network infrastructure},
   url = {http://ieeexplore.ieee.org/document/1033099/},
   year = {2002},
}

@article{Zhang2019ASO,
  title={A survey of testing for 5G: Solutions, opportunities, and challenges},
  author={Ping Zhang and Xiaoli Yang and Jianqiao Chen and Yu-zhen Huang},
  journal={China Communications},
  year={2019},
  volume={16},
  pages={69-85}
}

@working_paper{Dominato2021,
   author = {Lucas Baleeiro Dominato and Henrique Carvalho de Resende and Cristiano Bonato Both and Johann M. Marquez-Barja and Bruno O. Silvestre and Kleber V. Cardoso},
   keywords = {5G Core,Index Terms-NG-RAN,NAS,NGAP},
   month = {12},
   title = {Tutorial on communication between access networks and the 5G core},
   url = {http://arxiv.org/abs/2112.04257},
   year = {2021},
}

@book_section{Bertolino2003,
   author = {Antonia Bertolino},
   doi = {10.1007/3-540-36498-6_1},
   journal = {LNCS},
   pages = {1-21},
   title = {Software Testing Research and Practice},
   volume = {2589},
   url = {http://link.springer.com/10.1007/3-540-36498-6_1},
   year = {2003},
}

@article{IEEE.Standard.Glossary,
   author = {Jane Radatz and Anne Geraci and Freny Katki},
   doi = {10.1109/ieeestd.1990.101064},
   journal = {IEEE Std 610.12-1990},
   keywords = {Software engineering,definitions,dictionary,glossary,terminology},
   pages = {1-84},
   title = {IEEE Standard Glossary of Software Engineering Terminology},
   year = {1990},
}


@article{Sarikaya1989,
   author = {Behçet Sarikaya},
   doi = {10.1016/0169-7552(89)90004-4},
   issn = {01697552},
   issue = {2},
   journal = {Computer Networks and ISDN Systems},
   keywords = {Communication Protocols,Conformance Test-ing,Formal Protocol Specification,Open Systems Interconnection,Test Architectures,Test Sequences},
   month = {7},
   pages = {111-126},
   title = {Conformance testing: Architectures and test sequences},
   volume = {17},
   url = {https://linkinghub.elsevier.com/retrieve/pii/0169755289900044},
   year = {1989},
}

@article{Rayner1987,
   author = {D. Rayner},
   doi = {10.1016/0169-7552(87)90087-0},
   issn = {01697552},
   issue = {1},
   journal = {Computer Networks and ISDN Systems},
   keywords = {Confor-mance Testing,OSI,Open Systems Interconnection,Protocols,Test Methods,Test Suite Design},
   month = {1},
   pages = {79-98},
   title = {OSI conformance testing},
   volume = {14},
   url = {https://linkinghub.elsevier.com/retrieve/pii/0169755287900870},
   year = {1987},
}

@inproceedings{Lee2021,
  title={Realizing 5G Network Slicing Provisioning with Open Source Software},
  author={Lee, Kuan-Lin and Lee, Chung-Nan and Lee, Ming-Feng},
  booktitle={2021 Asia-Pacific Signal and Information Processing Association Annual Summit and Conference (APSIPA ASC)},
  pages={1923--1930},
  year={2021},
  organization={IEEE}
}

@article{Rojko2017,
   author = {Andreja Rojko},
   doi = {10.3991/ijim.v11i5.7072},
   issn = {1865-7923},
   issue = {5},
   journal = {International Journal of Interactive Mobile Technologies (iJIM)},
   keywords = {Cyber-Physical Systems,Enterprise-Resource- Planning,Industry 4.0,Manufacturing Execution System},
   month = {7},
   pages = {77},
   publisher = {International Association of Online Engineering},
   title = {Industry 4.0 Concept: Background and Overview},
   volume = {11},
   url = {http://online-journals.org/index.php/i-jim/article/view/7072},
   year = {2017},
}

@inproceedings{Garcia2015,
   author = {Johan Garcia and Stefan Alfredsson and Anna Brunstrom},
   doi = {10.1109/EuCNC.2015.7194075},
   isbn = {978-1-4673-7359-3},
   journal = {2015 European Conference on Networks and Communications (EuCNC)},
   month = {6},
   pages = {234-238},
   publisher = {IEEE},
   title = {Delay metrics and delay characteristics: A study of four Swedish HSDPA+ and LTE networks},
   url = {http://ieeexplore.ieee.org/document/7194075/},
   year = {2015},
}

@article{vora2015evolution,
  title={Evolution of mobile generation technology: 1G to 5G and review of upcoming wireless technology 5G},
  author={Vora, Lopa J},
  journal={International journal of modern trends in engineering and research},
  volume={2},
  number={10},
  pages={281--290},
  year={2015}
}

@inproceedings{Lamba2012,
   author = {Anuj Lamba and Jay Yadav and G. Usha Devi},
   doi = {10.1109/CSNT.2012.79},
   isbn = {978-1-4673-1538-8},
   journal = {2012 International Conference on Communication Systems and Network Technologies},
   keywords = {HSDPA,LTE,UMTS},
   month = {5},
   pages = {330-333},
   publisher = {IEEE},
   title = {Analysis of Technologies in 3G and 3.5G Mobile Networks},
   url = {http://ieeexplore.ieee.org/document/6200694/},
   year = {2012},
}

@article{bhalla2010generations,
  title={Generations of mobile wireless technology: A survey},
  author={Bhalla, Mudit Ratana and Bhalla, Anand Vardhan and others},
  journal={International Journal of Computer Applications},
  volume={5},
  number={4},
  pages={26--32},
  year={2010},
  publisher={Citeseer}
}

@inproceedings{Boano2018,
   author = {Carlo Alberto Boano and Simon Duquennoy and Anna Forster and Omprakash Gnawali and Romain Jacob and Hyung-Sin Kim and Olaf Landsiedel and Ramona Marfievici and Luca Mottola and Gian Pietro Picco and Xavier Vilajosana and Thomas Watteyne and Marco Zimmerling},
   doi = {10.1109/CPSBench.2018.00013},
   isbn = {978-1-5386-6742-2},
   journal = {2018 IEEE Workshop on Benchmarking Cyber-Physical Networks and Systems (CPSBench)},
   keywords = {Benchmark,Internet of Things,low power wireless,protocols},
   month = {4},
   pages = {36-41},
   publisher = {IEEE},
   title = {IoTBench: Towards a Benchmark for Low-Power Wireless Networking},
   url = {https://ieeexplore.ieee.org/document/8429500/},
   year = {2018},
}

@inproceedings{Bhadra2015,
   author = {Dhwani R. Bhadra and Charmi A. Joshi and Priya R. Soni and Nikita P. Vyas and Rutvij H. Jhaveri},
   doi = {10.1109/ICCSP.2015.7322729},
   isbn = {978-1-4799-8081-9},
   journal = {2015 International Conference on Communications and Signal Processing (ICCSP)},
   month = {4},
   pages = {1348-1354},
   publisher = {IEEE},
   title = {Packet loss probability in wireless networks: A survey},
   url = {http://ieeexplore.ieee.org/document/7322729/},
   year = {2015},
}

@article{Sebastian2014,
   author = {Shoney Sebastian and Moses Okechukwu Onyesolu and Chiamaka Ijeoma Chukwuneke and Dharmesh Kashyap and Jaydeep Viradiya},
   issn = {2277-8616},
   issue = {11},
   journal = {INTERNATIONAL JOURNAL OF SCIENTIFIC \& TECHNOLOGY RESEARCH},
   keywords = {Index Terms: Cloud Computing,Load Balancer,Load Balancing,Load Balancing algorithm,Virtualization},
   title = {A Survey Of Various Load Balancing Algorithms In Cloud Computing Innovat ive Research Publicat ions Review of Hybrid Load Balancing Algorit hms in Cloud Comput ing Environment A Survey Of Various Load Balancing Algorithms In Cloud Computing},
   volume = {3},
   url = {www.ijstr.org},
   year = {2014},
}

@book{Patterson2014-qv,
  title     = "Computer organization and design",
  author    = "Patterson, David A and Hennessy, John L",
  publisher = "Morgan Kaufmann",
  series    = "Morgan Kaufmann Series in Computer Architecture and Design G",
  edition   =  3,
  month     =  jun,
  year      =  2014
}

@inproceedings{MahnSuk2018,
   author = {Yoon Mahn-Suk and Lee Sung-Hun and Lee Chang-Kyo and Cho Soo-Hyun and Ko Wan-Jin},
   doi = {10.1109/ICUFN.2018.8437021},
   isbn = {978-1-5386-4646-5},
   journal = {2018 Tenth International Conference on Ubiquitous and Future Networks (ICUFN)},
   month = {7},
   pages = {637-640},
   publisher = {IEEE},
   title = {Performance Test of LTE-R Railway Wireless Communication at High-Speed (350 km/h) Environments},
   url = {https://ieeexplore.ieee.org/document/8437021/},
   year = {2018},
}

@article{Tayyab2019,
   author = {Muhammad Tayyab and Xavier Gelabert and Riku Jantti},
   doi = {10.1109/ACCESS.2019.2937405},
   issn = {2169-3536},
   journal = {IEEE Access},
   keywords = {5G,LTE,NR,Radio access mobility,cell selection,handover,mobility enhancers},
   pages = {118907-118930},
   publisher = {Institute of Electrical and Electronics Engineers Inc.},
   title = {A Survey on Handover Management: From LTE to NR},
   volume = {7},
   url = {https://ieeexplore.ieee.org/document/8812724/},
   year = {2019},
}
