@techreport{3gpp.01.01,
 author = {3GPP},
 day = {11},
 institution = {{3rd Generation Partnership Project (3GPP)}},
 month = {12},
 note = {Version 8.20.0},
 number = {01.01},
 title = {{Technical Specifications and Technical Reports for a GERAN-based 3GPP system}},
 type = {Technical Specification (TS)},
 url = {http://www.3gpp.org/DynaReport/0101.htm},
 year = {2009}
}

@techreport{3gpp.21.201,
 author = {3GPP},
 day = {29},
 institution = {{3rd Generation Partnership Project (3GPP)}},
 month = {3},
 note = {Version 17.0.0},
 number = {21.201},
 title = {{Technical Specifications and Technical Reports for an Evolved Packet System (EPS) based 3GPP system}},
 type = {Technical Specification (TS)},
 url = {http://www.3gpp.org/DynaReport/21201.htm},
 year = {2022}
}

@techreport{3gpp.23.214,
 author = {3GPP},
 day = {24},
 institution = {{3rd Generation Partnership Project (3GPP)}},
 month = {6},
 note = {Version 17.0.0},
 number = {23.214},
 title = {{Architecture enhancements for control and user plane separation of EPC nodes}},
 type = {Technical Specification (TS)},
 url = {http://www.3gpp.org/DynaReport/23214.htm},
 year = {2021}
}

@techreport{3gpp.21.111,
 author = {3GPP},
 day = {24},
 institution = {{3rd Generation Partnership Project (3GPP)}},
 month = {9},
 note = {Version 17.0.0},
 number = {21.111},
 title = {{USIM and IC card requirements}},
 type = {Technical Specification (TS)},
 url = {http://www.3gpp.org/DynaReport/21111.htm},
 year = {2021}
}

@techreport{3gpp.21.205,
 author = {3GPP},
 day = {10},
 institution = {{3rd Generation Partnership Project (3GPP)}},
 month = {7},
 note = {Version 16.0.0},
 number = {21.205},
 title = {{Technical Specifications and Technical Reports for a 5G based 3GPP system}},
 type = {Technical Specification (TS)},
 url = {http://www.3gpp.org/DynaReport/21205.htm},
 year = {2020}
}

@techreport{3gpp.22.071,
 author = {3GPP},
 day = {16},
 institution = {{3rd Generation Partnership Project (3GPP)}},
 month = {7},
 note = {Version 16.0.0},
 number = {22.071},
 title = {{Location Services (LCS); Service description; Stage 1}},
 type = {Technical Specification (TS)},
 url = {http://www.3gpp.org/DynaReport/22071.htm},
 year = {2020}
}

@techreport{3gpp.22.179,
 author = {3GPP},
 institution = {{3rd Generation Partnership Project (3GPP)}},
 note = {Version 17.1.0},
 number = {22.179},
 title = {{Mission Critical Push to Talk (MCPTT); Stage 1}},
 type = {Technical Specification (TS)},
 url = {http://www.3gpp.org/DynaReport/22179.htm}
}

@techreport{3gpp.22.186,
 author = {3GPP},
 day = {14},
 institution = {{3rd Generation Partnership Project (3GPP)}},
 month = {6},
 note = {Version 16.2.0},
 number = {22.186},
 title = {{Service requirements for enhanced V2X scenarios}},
 type = {Technical Specification (TS)},
 url = {http://www.3gpp.org/DynaReport/22186.htm},
 year = {2019}
}

@techreport{3gpp.22.261,
 author = {3GPP},
 institution = {{3rd Generation Partnership Project (3GPP)}},
 note = {Version 18.6.0},
 number = {22.261},
 title = {{Service requirements for the 5G system}},
 type = {Technical Specification (TS)},
 url = {http://www.3gpp.org/DynaReport/22261.htm}
}

@techreport{3gpp.22.268,
 author = {3GPP},
 institution = {{3rd Generation Partnership Project (3GPP)}},
 note = {Version 18.0.0},
 number = {22.268},
 title = {{Public Warning System (PWS) requirements}},
 type = {Technical Specification (TS)},
 url = {http://www.3gpp.org/DynaReport/22268.htm}
}

@techreport{3gpp.22.280,
 author = {3GPP},
 institution = {{3rd Generation Partnership Project (3GPP)}},
 note = {Version 18.1.0},
 number = {22.280},
 title = {{Mission Critical Services Common Requirements (MCCoRe); Stage 1}},
 type = {Technical Specification (TS)},
 url = {http://www.3gpp.org/DynaReport/22280.htm}
}

@techreport{3gpp.22.281,
 author = {3GPP},
 day = {21},
 institution = {{3rd Generation Partnership Project (3GPP)}},
 month = {9},
 note = {Version 16.0.0},
 number = {22.281},
 title = {{Mission Critical (MC) video}},
 type = {Technical Specification (TS)},
 url = {http://www.3gpp.org/DynaReport/22281.htm},
 year = {2018}
}

@techreport{3gpp.22.282,
 author = {3GPP},
 day = {21},
 institution = {{3rd Generation Partnership Project (3GPP)}},
 month = {12},
 note = {Version 16.4.0},
 number = {22.282},
 title = {{Mission Critical (MC) data}},
 type = {Technical Specification (TS)},
 url = {http://www.3gpp.org/DynaReport/22282.htm},
 year = {2018}
}

@techreport{3gpp.22.289,
 author = {3GPP},
 day = {20},
 institution = {{3rd Generation Partnership Project (3GPP)}},
 month = {12},
 note = {Version 17.0.0},
 number = {22.289},
 title = {{Mobile communication system for railways}},
 type = {Technical Specification (TS)},
 url = {http://www.3gpp.org/DynaReport/22289.htm},
 year = {2019}
}

@techreport{3gpp.22.468,
 author = {3GPP},
 day = {22},
 institution = {{3rd Generation Partnership Project (3GPP)}},
 month = {7},
 note = {Version 17.0.1},
 number = {22.468},
 title = {{Group Communication System Enablers (GCSE)}},
 type = {Technical Specification (TS)},
 url = {http://www.3gpp.org/DynaReport/22468.htm},
 year = {2020}
}

@techreport{3gpp.23.003,
 author = {3GPP},
 day = {18},
 institution = {{3rd Generation Partnership Project (3GPP)}},
 month = {3},
 note = {Version 17.5.0},
 number = {23.003},
 title = {{Numbering, addressing and identification}},
 type = {Technical Specification (TS)},
 url = {http://www.3gpp.org/DynaReport/23003.htm},
 year = {2022}
}

@techreport{3gpp.23.008,
 author = {3GPP},
 day = {18},
 institution = {{3rd Generation Partnership Project (3GPP)}},
 month = {3},
 note = {Version 17.1.0},
 number = {23.008},
 title = {{Organization of subscriber data}},
 type = {Technical Specification (TS)},
 url = {http://www.3gpp.org/DynaReport/23008.htm},
 year = {2022}
}

@techreport{3gpp.23.015,
 author = {3GPP},
 day = {30},
 institution = {{3rd Generation Partnership Project (3GPP)}},
 month = {3},
 note = {Version 16.1.0},
 number = {23.015},
 title = {{Technical realization of Operator Determined Barring (ODB)}},
 type = {Technical Specification (TS)},
 url = {http://www.3gpp.org/DynaReport/23015.htm},
 year = {2021}
}

@techreport{3gpp.23.040,
 author = {3GPP},
 day = {22},
 institution = {{3rd Generation Partnership Project (3GPP)}},
 month = {3},
 note = {Version 17.2.0},
 number = {23.040},
 title = {{Technical realization of the Short Message Service (SMS)}},
 type = {Technical Specification (TS)},
 url = {http://www.3gpp.org/DynaReport/23040.htm},
 year = {2022}
}

@techreport{3gpp.23.041,
 author = {3GPP},
 day = {22},
 institution = {{3rd Generation Partnership Project (3GPP)}},
 month = {3},
 note = {Version 17.3.0},
 number = {23.041},
 title = {{Technical realization of Cell Broadcast Service (CBS)}},
 type = {Technical Specification (TS)},
 url = {http://www.3gpp.org/DynaReport/23041.htm},
 year = {2022}
}

@techreport{3gpp.23.053,
 author = {3GPP},
 day = {20},
 institution = {{3rd Generation Partnership Project (3GPP)}},
 month = {7},
 note = {Version 16.0.0},
 number = {23.053},
 title = {{Tandem Free Operation (TFO); Service description; Stage 2}},
 type = {Technical Specification (TS)},
 url = {http://www.3gpp.org/DynaReport/23053.htm},
 year = {2020}
}

@techreport{3gpp.23.122,
 author = {3GPP},
 day = {22},
 institution = {{3rd Generation Partnership Project (3GPP)}},
 month = {3},
 note = {Version 17.6.0},
 number = {23.122},
 title = {{Non-Access-Stratum (NAS) functions related to Mobile Station (MS) in idle mode}},
 type = {Technical Specification (TS)},
 url = {http://www.3gpp.org/DynaReport/23122.htm},
 year = {2022}
}

@techreport{3gpp.23.142,
 author = {3GPP},
 day = {10},
 institution = {{3rd Generation Partnership Project (3GPP)}},
 month = {7},
 note = {Version 16.0.0},
 number = {23.142},
 title = {{Value-added Services for SMS (VAS4SMS); Interface and signalling flow}},
 type = {Technical Specification (TS)},
 url = {http://www.3gpp.org/DynaReport/23142.htm},
 year = {2020}
}

@techreport{3gpp.23.222,
 author = {3GPP},
 day = {24},
 institution = {{3rd Generation Partnership Project (3GPP)}},
 month = {6},
 note = {Version 17.5.0},
 number = {23.222},
 title = {{Common API Framework for 3GPP Northbound APIs}},
 type = {Technical Specification (TS)},
 url = {http://www.3gpp.org/DynaReport/23222.htm},
 year = {2021}
}

@techreport{3gpp.23.380,
 author = {3GPP},
 day = {18},
 institution = {{3rd Generation Partnership Project (3GPP)}},
 month = {3},
 note = {Version 17.1.0},
 number = {23.380},
 title = {{IMS Restoration Procedures}},
 type = {Technical Specification (TS)},
 url = {http://www.3gpp.org/DynaReport/23380.htm},
 year = {2022}
}

@techreport{3gpp.23.501,
 author = {3GPP},
 day = {23},
 institution = {{3rd Generation Partnership Project (3GPP)}},
 month = {3},
 note = {Version 17.4.0},
 number = {23.501},
 title = {{System architecture for the 5G System (5GS)}},
 type = {Technical Specification (TS)},
 url = {http://www.3gpp.org/DynaReport/23501.htm},
 year = {2022}
}

@techreport{3gpp.23.502,
 author = {3GPP},
 day = {23},
 institution = {{3rd Generation Partnership Project (3GPP)}},
 month = {3},
 note = {Version 17.4.0},
 number = {23.502},
 title = {{Procedures for the 5G System (5GS)}},
 type = {Technical Specification (TS)},
 url = {http://www.3gpp.org/DynaReport/23502.htm},
 year = {2022}
}

@techreport{3gpp.23.503,
 author = {3GPP},
 day = {23},
 institution = {{3rd Generation Partnership Project (3GPP)}},
 month = {3},
 note = {Version 17.4.0},
 number = {23.503},
 title = {{Policy and charging control framework for the 5G System (5GS); Stage 2}},
 type = {Technical Specification (TS)},
 url = {http://www.3gpp.org/DynaReport/23503.htm},
 year = {2022}
}

@techreport{3gpp.23.527,
 author = {3GPP},
 day = {22},
 institution = {{3rd Generation Partnership Project (3GPP)}},
 month = {3},
 note = {Version 17.3.1},
 number = {23.527},
 title = {{5G System; Restoration procedures}},
 type = {Technical Specification (TS)},
 url = {http://www.3gpp.org/DynaReport/23527.htm},
 year = {2022}
}

@techreport{3gpp.23.548,
 author = {3GPP},
 day = {23},
 institution = {{3rd Generation Partnership Project (3GPP)}},
 month = {3},
 note = {Version 17.2.0},
 number = {23.548},
 title = {{5G System Enhancements for Edge Computing; Stage 2}},
 type = {Technical Specification (TS)},
 url = {http://www.3gpp.org/DynaReport/23548.htm},
 year = {2022}
}

@techreport{3gpp.24.002,
 author = {3GPP},
 day = {17},
 institution = {{3rd Generation Partnership Project (3GPP)}},
 month = {12},
 note = {Version 17.0.0},
 number = {24.002},
 title = {{GSM - UMTS Public Land Mobile Network (PLMN) Access Reference Configuration}},
 type = {Technical Specification (TS)},
 url = {http://www.3gpp.org/DynaReport/24002.htm},
 year = {2020}
}

@techreport{3gpp.24.007,
 author = {3GPP},
 institution = {{3rd Generation Partnership Project (3GPP)}},
 note = {Version 17.3.0},
 number = {24.007},
 title = {{Mobile radio interface signalling layer 3; General Aspects}},
 type = {Technical Specification (TS)},
 url = {http://www.3gpp.org/DynaReport/24007.htm}
}

@techreport{3gpp.24.008,
 author = {3GPP},
 day = {24},
 institution = {{3rd Generation Partnership Project (3GPP)}},
 month = {3},
 note = {Version 17.6.0},
 number = {24.008},
 title = {{Mobile radio interface Layer 3 specification; Core network protocols; Stage 3}},
 type = {Technical Specification (TS)},
 url = {http://www.3gpp.org/DynaReport/24008.htm},
 year = {2022}
}

@techreport{3gpp.24.011,
 author = {3GPP},
 day = {24},
 institution = {{3rd Generation Partnership Project (3GPP)}},
 month = {3},
 note = {Version 17.1.0},
 number = {24.011},
 title = {{Point-to-Point  (PP) Short Message Service (SMS) support on mobile radio interface}},
 type = {Technical Specification (TS)},
 url = {http://www.3gpp.org/DynaReport/24011.htm},
 year = {2022}
}

@techreport{3gpp.24.080,
 author = {3GPP},
 day = {18},
 institution = {{3rd Generation Partnership Project (3GPP)}},
 month = {3},
 note = {Version 17.3.0},
 number = {24.080},
 title = {{Mobile radio interface layer 3 supplementary services specification; Formats and coding}},
 type = {Technical Specification (TS)},
 url = {http://www.3gpp.org/DynaReport/24080.htm},
 year = {2022}
}

@techreport{3gpp.24.166,
 author = {3GPP},
 day = {25},
 institution = {{3rd Generation Partnership Project (3GPP)}},
 month = {3},
 note = {Version 17.0.0},
 number = {24.166},
 title = {{3GPP IP Multimedia Subsystem (IMS) conferencing Management Object (MO)}},
 type = {Technical Specification (TS)},
 url = {http://www.3gpp.org/DynaReport/24166.htm},
 year = {2022}
}

@techreport{3gpp.24.167,
 author = {3GPP},
 day = {24},
 institution = {{3rd Generation Partnership Project (3GPP)}},
 month = {3},
 note = {Version 17.2.0},
 number = {24.167},
 title = {{3GPP IMS Management Object (MO); Stage 3}},
 type = {Technical Specification (TS)},
 url = {http://www.3gpp.org/DynaReport/24167.htm},
 year = {2022}
}

@techreport{3gpp.24.173,
 author = {3GPP},
 day = {24},
 institution = {{3rd Generation Partnership Project (3GPP)}},
 month = {3},
 note = {Version 17.2.0},
 number = {24.173},
 title = {{IMS Multimedia telephony communication service and supplementary services; Stage 3}},
 type = {Technical Specification (TS)},
 url = {http://www.3gpp.org/DynaReport/24173.htm},
 year = {2022}
}

@techreport{3gpp.24.229,
 author = {3GPP},
 day = {25},
 institution = {{3rd Generation Partnership Project (3GPP)}},
 month = {3},
 note = {Version 17.6.0},
 number = {24.229},
 title = {{IP multimedia call control protocol based on Session Initiation Protocol (SIP) and Session Description Protocol (SDP); Stage 3}},
 type = {Technical Specification (TS)},
 url = {http://www.3gpp.org/DynaReport/24229.htm},
 year = {2022}
}

@techreport{3gpp.24.275,
 author = {3GPP},
 day = {25},
 institution = {{3rd Generation Partnership Project (3GPP)}},
 month = {3},
 note = {Version 17.0.0},
 number = {24.275},
 title = {{Management Object (MO) for Basic Communication Part (BCP) of IMS Multimedia Telephony (MMTEL) communication service}},
 type = {Technical Specification (TS)},
 url = {http://www.3gpp.org/DynaReport/24275.htm},
 year = {2022}
}

@techreport{3gpp.24.301,
 author = {3GPP},
 day = {25},
 institution = {{3rd Generation Partnership Project (3GPP)}},
 month = {3},
 note = {Version 17.6.0},
 number = {24.301},
 title = {{Non-Access-Stratum (NAS) protocol for Evolved Packet System (EPS); Stage 3}},
 type = {Technical Specification (TS)},
 url = {http://www.3gpp.org/DynaReport/24301.htm},
 year = {2022}
}

@techreport{3gpp.24.302,
 author = {3GPP},
 day = {25},
 institution = {{3rd Generation Partnership Project (3GPP)}},
 month = {3},
 note = {Version 17.4.0},
 number = {24.302},
 title = {{Access to the 3GPP Evolved Packet Core (EPC) via non-3GPP access networks; Stage 3}},
 type = {Technical Specification (TS)},
 url = {http://www.3gpp.org/DynaReport/24302.htm},
 year = {2022}
}

@techreport{3gpp.24.305,
 author = {3GPP},
 day = {21},
 institution = {{3rd Generation Partnership Project (3GPP)}},
 month = {12},
 note = {Version 16.0.0},
 number = {24.305},
 title = {{Selective Disabling of 3GPP User Equipment Capabilities (SDoUE) Management Object (MO)}},
 type = {Technical Specification (TS)},
 url = {http://www.3gpp.org/DynaReport/24305.htm},
 year = {2018}
}

@techreport{3gpp.24.323,
 author = {3GPP},
 day = {10},
 institution = {{3rd Generation Partnership Project (3GPP)}},
 month = {7},
 note = {Version 16.0.0},
 number = {24.323},
 title = {{3GPP IP Multimedia Subsystem (IMS) service level tracing Management Object (MO)}},
 type = {Technical Specification (TS)},
 url = {http://www.3gpp.org/DynaReport/24323.htm},
 year = {2020}
}

@techreport{3gpp.24.341,
 author = {3GPP},
 day = {25},
 institution = {{3rd Generation Partnership Project (3GPP)}},
 month = {3},
 note = {Version 17.1.0},
 number = {24.341},
 title = {{Support of SMS over IP networks; Stage 3}},
 type = {Technical Specification (TS)},
 url = {http://www.3gpp.org/DynaReport/24341.htm},
 year = {2022}
}

@techreport{3gpp.24.368,
 author = {3GPP},
 institution = {{3rd Generation Partnership Project (3GPP)}},
 note = {Version 17.2.0},
 number = {24.368},
 title = {{Non-Access Stratum (NAS) configuration Management Object (MO)}},
 type = {Technical Specification (TS)},
 url = {http://www.3gpp.org/DynaReport/24368.htm}
}

@techreport{3gpp.24.390,
 author = {3GPP},
 institution = {{3rd Generation Partnership Project (3GPP)}},
 note = {Version 17.0.0},
 number = {24.390},
 title = {{Unstructured Supplementary Service Data (USSD) using IP Multimedia (IM) Core Network (CN) subsystem IMS; Stage 3}},
 type = {Technical Specification (TS)},
 url = {http://www.3gpp.org/DynaReport/24390.htm}
}

@techreport{3gpp.24.391,
 author = {3GPP},
 institution = {{3rd Generation Partnership Project (3GPP)}},
 note = {Version 17.0.0},
 number = {24.391},
 title = {{Unstructured Supplementary Service Data (USSD) using IP Multimedia (IM) Core Network (CN) subsystem (IMS) Management Object (MO)}},
 type = {Technical Specification (TS)},
 url = {http://www.3gpp.org/DynaReport/24391.htm}
}

@techreport{3gpp.24.417,
 author = {3GPP},
 day = {21},
 institution = {{3rd Generation Partnership Project (3GPP)}},
 month = {12},
 note = {Version 16.0.0},
 number = {24.417},
 title = {{Management Object (MO) for Originating Identification Presentation (OIP) and Originating Identification Restriction (OIR) using IP Multimedia (IM) Core Network (CN) subsystem}},
 type = {Technical Specification (TS)},
 url = {http://www.3gpp.org/DynaReport/24417.htm},
 year = {2018}
}

@techreport{3gpp.24.424,
 author = {3GPP},
 institution = {{3rd Generation Partnership Project (3GPP)}},
 note = {Version 17.2.0},
 number = {24.424},
 title = {{Management Object (MO) for Extensible Markup Language (XML) Configuration Access Protocol (XCAP) over the Ut interface for Manipulating Supplementary Services (SS)}},
 type = {Technical Specification (TS)},
 url = {http://www.3gpp.org/DynaReport/24424.htm}
}

@techreport{3gpp.24.501,
 author = {3GPP},
 day = {24},
 institution = {{3rd Generation Partnership Project (3GPP)}},
 month = {3},
 note = {Version 17.6.0},
 number = {24.501},
 title = {{Non-Access-Stratum (NAS) protocol for 5G System (5GS); Stage 3}},
 type = {Technical Specification (TS)},
 url = {http://www.3gpp.org/DynaReport/24501.htm},
 year = {2022}
}

@techreport{3gpp.24.502,
 author = {3GPP},
 institution = {{3rd Generation Partnership Project (3GPP)}},
 note = {Version 17.5.0},
 number = {24.502},
 title = {{Access to the 3GPP 5G Core Network (5GCN) via non-3GPP access networks}},
 type = {Technical Specification (TS)},
 url = {http://www.3gpp.org/DynaReport/24502.htm}
}

@techreport{3gpp.24.526,
 author = {3GPP},
 institution = {{3rd Generation Partnership Project (3GPP)}},
 note = {Version 17.6.0},
 number = {24.526},
 title = {{User Equipment (UE) policies for 5G System (5GS); Stage 3}},
 type = {Technical Specification (TS)},
 url = {http://www.3gpp.org/DynaReport/24526.htm}
}

@techreport{3gpp.24.568,
 author = {3GPP},
 day = {15},
 institution = {{3rd Generation Partnership Project (3GPP)}},
 month = {3},
 note = {Version 0.1.1},
 number = {24.568},
 title = {{WLAN connectivity for 5GS Management Object (MO)}},
 type = {Technical Specification (TS)},
 url = {http://www.3gpp.org/DynaReport/24568.htm},
 year = {2018}
}

@techreport{3gpp.24.623,
 author = {3GPP},
 institution = {{3rd Generation Partnership Project (3GPP)}},
 note = {Version 17.2.0},
 number = {24.623},
 title = {{Extensible Markup Language (XML) Configuration Access Protocol (XCAP) over the Ut interface for Manipulating Supplementary Services}},
 type = {Technical Specification (TS)},
 url = {http://www.3gpp.org/DynaReport/24623.htm}
}

@techreport{3gpp.26.071,
 author = {3GPP},
 day = {20},
 institution = {{3rd Generation Partnership Project (3GPP)}},
 month = {7},
 note = {Version 16.0.0},
 number = {26.071},
 title = {{Mandatory speech CODEC speech processing functions; AMR speech Codec; General description}},
 type = {Technical Specification (TS)},
 url = {http://www.3gpp.org/DynaReport/26071.htm},
 year = {2020}
}

@techreport{3gpp.26.073,
 author = {3GPP},
 day = {20},
 institution = {{3rd Generation Partnership Project (3GPP)}},
 month = {7},
 note = {Version 16.0.0},
 number = {26.073},
 title = {{ANSI-C code for the Adaptive Multi Rate (AMR) speech codec}},
 type = {Technical Specification (TS)},
 url = {http://www.3gpp.org/DynaReport/26073.htm},
 year = {2020}
}

@techreport{3gpp.26.074,
 author = {3GPP},
 day = {23},
 institution = {{3rd Generation Partnership Project (3GPP)}},
 month = {12},
 note = {Version 16.1.0},
 number = {26.074},
 title = {{Mandatory speech codec speech processing functions; Adaptive Multi-Rate (AMR) speech codec test sequences}},
 type = {Technical Specification (TS)},
 url = {http://www.3gpp.org/DynaReport/26074.htm},
 year = {2020}
}

@techreport{3gpp.26.077,
 author = {3GPP},
 day = {21},
 institution = {{3rd Generation Partnership Project (3GPP)}},
 month = {7},
 note = {Version 16.0.0},
 number = {26.077},
 title = {{Minimum performance requirements for Noise Suppresser; Application to the Adaptive Multi-Rate (AMR) speech encoder}},
 type = {Technical Specification (TS)},
 url = {http://www.3gpp.org/DynaReport/26077.htm},
 year = {2020}
}

@techreport{3gpp.26.090,
 author = {3GPP},
 day = {21},
 institution = {{3rd Generation Partnership Project (3GPP)}},
 month = {7},
 note = {Version 16.0.0},
 number = {26.090},
 title = {{Mandatory Speech Codec speech processing functions; Adaptive Multi-Rate (AMR) speech codec; Transcoding functions}},
 type = {Technical Specification (TS)},
 url = {http://www.3gpp.org/DynaReport/26090.htm},
 year = {2020}
}

@techreport{3gpp.26.091,
 author = {3GPP},
 day = {21},
 institution = {{3rd Generation Partnership Project (3GPP)}},
 month = {7},
 note = {Version 16.0.0},
 number = {26.091},
 title = {{Mandatory Speech Codec speech processing functions; Adaptive Multi-Rate (AMR) speech codec; Error concealment of lost frames}},
 type = {Technical Specification (TS)},
 url = {http://www.3gpp.org/DynaReport/26091.htm},
 year = {2020}
}

@techreport{3gpp.26.092,
 author = {3GPP},
 day = {21},
 institution = {{3rd Generation Partnership Project (3GPP)}},
 month = {7},
 note = {Version 16.0.0},
 number = {26.092},
 title = {{Mandatory speech codec speech processing functions; Adaptive Multi-Rate (AMR) speech codec; Comfort noise aspects}},
 type = {Technical Specification (TS)},
 url = {http://www.3gpp.org/DynaReport/26092.htm},
 year = {2020}
}

@techreport{3gpp.26.093,
 author = {3GPP},
 day = {8},
 institution = {{3rd Generation Partnership Project (3GPP)}},
 month = {3},
 note = {Version 16.1.0},
 number = {26.093},
 title = {{Mandatory speech codec speech processing functions Adaptive Multi-Rate (AMR) speech codec; Source controlled rate operation}},
 type = {Technical Specification (TS)},
 url = {http://www.3gpp.org/DynaReport/26093.htm},
 year = {2021}
}

@techreport{3gpp.26.094,
 author = {3GPP},
 day = {21},
 institution = {{3rd Generation Partnership Project (3GPP)}},
 month = {7},
 note = {Version 16.0.0},
 number = {26.094},
 title = {{Mandatory speech codec speech processing functions; Adaptive Multi-Rate (AMR) speech codec; Voice Activity Detector (VAD)}},
 type = {Technical Specification (TS)},
 url = {http://www.3gpp.org/DynaReport/26094.htm},
 year = {2020}
}

@techreport{3gpp.26.101,
 author = {3GPP},
 day = {21},
 institution = {{3rd Generation Partnership Project (3GPP)}},
 month = {7},
 note = {Version 16.0.0},
 number = {26.101},
 title = {{Mandatory speech codec speech processing functions; Adaptive Multi-Rate (AMR) speech codec frame structure}},
 type = {Technical Specification (TS)},
 url = {http://www.3gpp.org/DynaReport/26101.htm},
 year = {2020}
}

@techreport{3gpp.26.102,
 author = {3GPP},
 day = {21},
 institution = {{3rd Generation Partnership Project (3GPP)}},
 month = {7},
 note = {Version 16.0.0},
 number = {26.102},
 title = {{Mandatory speech codec; Adaptive Multi-Rate (AMR) speech codec; Interface to Iu, Uu and Nb}},
 type = {Technical Specification (TS)},
 url = {http://www.3gpp.org/DynaReport/26102.htm},
 year = {2020}
}

@techreport{3gpp.26.114,
 author = {3GPP},
 institution = {{3rd Generation Partnership Project (3GPP)}},
 note = {Version 17.4.0},
 number = {26.114},
 title = {{IP Multimedia Subsystem (IMS); Multimedia telephony; Media handling and interaction}},
 type = {Technical Specification (TS)},
 url = {http://www.3gpp.org/DynaReport/26114.htm}
}

@techreport{3gpp.26.115,
 author = {3GPP},
 day = {8},
 institution = {{3rd Generation Partnership Project (3GPP)}},
 month = {3},
 note = {Version 16.0.0},
 number = {26.115},
 title = {{Echo control for speech and multimedia services}},
 type = {Technical Specification (TS)},
 url = {http://www.3gpp.org/DynaReport/26115.htm},
 year = {2021}
}

@techreport{3gpp.26.118,
 author = {3GPP},
 day = {26},
 institution = {{3rd Generation Partnership Project (3GPP)}},
 month = {6},
 note = {Version 17.0.0},
 number = {26.118},
 title = {{Virtual Reality (VR) profiles for streaming applications}},
 type = {Technical Specification (TS)},
 url = {http://www.3gpp.org/DynaReport/26118.htm},
 year = {2021}
}

@techreport{3gpp.26.131,
 author = {3GPP},
 day = {12},
 institution = {{3rd Generation Partnership Project (3GPP)}},
 month = {1},
 note = {Version 17.1.1},
 number = {26.131},
 title = {{Terminal acoustic characteristics for telephony; Requirements}},
 type = {Technical Specification (TS)},
 url = {http://www.3gpp.org/DynaReport/26131.htm},
 year = {2022}
}

@techreport{3gpp.26.132,
 author = {3GPP},
 institution = {{3rd Generation Partnership Project (3GPP)}},
 note = {Version 17.1.0},
 number = {26.132},
 title = {{Speech and video telephony terminal acoustic test specification}},
 type = {Technical Specification (TS)},
 url = {http://www.3gpp.org/DynaReport/26132.htm}
}

@techreport{3gpp.26.140,
 author = {3GPP},
 day = {25},
 institution = {{3rd Generation Partnership Project (3GPP)}},
 month = {9},
 note = {Version 16.1.0},
 number = {26.140},
 title = {{Multimedia Messaging Service (MMS); Media formats and codecs}},
 type = {Technical Specification (TS)},
 url = {http://www.3gpp.org/DynaReport/26140.htm},
 year = {2020}
}

@techreport{3gpp.26.141,
 author = {3GPP},
 day = {21},
 institution = {{3rd Generation Partnership Project (3GPP)}},
 month = {7},
 note = {Version 16.0.0},
 number = {26.141},
 title = {{IP Multimedia System (IMS) Messaging and Presence; Media formats and codecs}},
 type = {Technical Specification (TS)},
 url = {http://www.3gpp.org/DynaReport/26141.htm},
 year = {2020}
}

@techreport{3gpp.26.142,
 author = {3GPP},
 day = {21},
 institution = {{3rd Generation Partnership Project (3GPP)}},
 month = {7},
 note = {Version 16.0.0},
 number = {26.142},
 title = {{Dynamic and Interactive Multimedia Scenes (DIMS)}},
 type = {Technical Specification (TS)},
 url = {http://www.3gpp.org/DynaReport/26142.htm},
 year = {2020}
}

@techreport{3gpp.26.150,
 author = {3GPP},
 day = {21},
 institution = {{3rd Generation Partnership Project (3GPP)}},
 month = {7},
 note = {Version 16.0.0},
 number = {26.150},
 title = {{Syndicated Feed Reception (SFR) within 3GPP environments; Protocols and codecs}},
 type = {Technical Specification (TS)},
 url = {http://www.3gpp.org/DynaReport/26150.htm},
 year = {2020}
}

@techreport{3gpp.26.171,
 author = {3GPP},
 day = {21},
 institution = {{3rd Generation Partnership Project (3GPP)}},
 month = {7},
 note = {Version 16.0.0},
 number = {26.171},
 title = {{Speech codec speech processing functions; Adaptive Multi-Rate - Wideband (AMR-WB) speech codec; General description}},
 type = {Technical Specification (TS)},
 url = {http://www.3gpp.org/DynaReport/26171.htm},
 year = {2020}
}

@techreport{3gpp.26.173,
 author = {3GPP},
 day = {21},
 institution = {{3rd Generation Partnership Project (3GPP)}},
 month = {7},
 note = {Version 16.0.0},
 number = {26.173},
 title = {{ANSI-C code for the Adaptive Multi-Rate - Wideband (AMR-WB) speech codec}},
 type = {Technical Specification (TS)},
 url = {http://www.3gpp.org/DynaReport/26173.htm},
 year = {2020}
}

@techreport{3gpp.26.174,
 author = {3GPP},
 day = {21},
 institution = {{3rd Generation Partnership Project (3GPP)}},
 month = {7},
 note = {Version 16.0.0},
 number = {26.174},
 title = {{Speech codec speech processing functions; Adaptive Multi-Rate - Wideband (AMR-WB) speech codec test sequences}},
 type = {Technical Specification (TS)},
 url = {http://www.3gpp.org/DynaReport/26174.htm},
 year = {2020}
}

@techreport{3gpp.26.177,
 author = {3GPP},
 day = {21},
 institution = {{3rd Generation Partnership Project (3GPP)}},
 month = {7},
 note = {Version 16.0.0},
 number = {26.177},
 title = {{Speech Enabled Services (SES); Distributed Speech Recognition (DSR) extended advanced front-end test sequences}},
 type = {Technical Specification (TS)},
 url = {http://www.3gpp.org/DynaReport/26177.htm},
 year = {2020}
}

@techreport{3gpp.26.190,
 author = {3GPP},
 day = {21},
 institution = {{3rd Generation Partnership Project (3GPP)}},
 month = {7},
 note = {Version 16.0.0},
 number = {26.190},
 title = {{Speech codec speech processing functions; Adaptive Multi-Rate - Wideband (AMR-WB) speech codec; Transcoding functions}},
 type = {Technical Specification (TS)},
 url = {http://www.3gpp.org/DynaReport/26190.htm},
 year = {2020}
}

@techreport{3gpp.26.191,
 author = {3GPP},
 day = {21},
 institution = {{3rd Generation Partnership Project (3GPP)}},
 month = {7},
 note = {Version 16.0.0},
 number = {26.191},
 title = {{Speech codec speech processing functions; Adaptive Multi-Rate - Wideband (AMR-WB) speech codec; Error concealment of erroneous or lost frames}},
 type = {Technical Specification (TS)},
 url = {http://www.3gpp.org/DynaReport/26191.htm},
 year = {2020}
}

@techreport{3gpp.26.192,
 author = {3GPP},
 day = {21},
 institution = {{3rd Generation Partnership Project (3GPP)}},
 month = {7},
 note = {Version 16.0.0},
 number = {26.192},
 title = {{Speech codec speech processing functions; Adaptive Multi-Rate - Wideband (AMR-WB) speech codec; Comfort noise aspects}},
 type = {Technical Specification (TS)},
 url = {http://www.3gpp.org/DynaReport/26192.htm},
 year = {2020}
}

@techreport{3gpp.26.193,
 author = {3GPP},
 day = {21},
 institution = {{3rd Generation Partnership Project (3GPP)}},
 month = {7},
 note = {Version 16.0.0},
 number = {26.193},
 title = {{Speech codec speech processing functions; Adaptive Multi-Rate - Wideband (AMR-WB) speech codec; Source controlled rate operation}},
 type = {Technical Specification (TS)},
 url = {http://www.3gpp.org/DynaReport/26193.htm},
 year = {2020}
}

@techreport{3gpp.26.194,
 author = {3GPP},
 day = {21},
 institution = {{3rd Generation Partnership Project (3GPP)}},
 month = {7},
 note = {Version 16.0.0},
 number = {26.194},
 title = {{Speech codec speech processing functions; Adaptive Multi-Rate - Wideband (AMR-WB) speech codec; Voice Activity Detector (VAD)}},
 type = {Technical Specification (TS)},
 url = {http://www.3gpp.org/DynaReport/26194.htm},
 year = {2020}
}

@techreport{3gpp.26.201,
 author = {3GPP},
 day = {21},
 institution = {{3rd Generation Partnership Project (3GPP)}},
 month = {7},
 note = {Version 16.0.0},
 number = {26.201},
 title = {{Speech codec speech processing functions; Adaptive Multi-Rate - Wideband (AMR-WB) speech codec; Frame structure}},
 type = {Technical Specification (TS)},
 url = {http://www.3gpp.org/DynaReport/26201.htm},
 year = {2020}
}

@techreport{3gpp.26.202,
 author = {3GPP},
 day = {21},
 institution = {{3rd Generation Partnership Project (3GPP)}},
 month = {7},
 note = {Version 16.0.0},
 number = {26.202},
 title = {{Speech codec speech processing functions; Adaptive Multi-Rate - Wideband (AMR-WB) speech codec; Interface to Iu, Uu and Nb}},
 type = {Technical Specification (TS)},
 url = {http://www.3gpp.org/DynaReport/26202.htm},
 year = {2020}
}

@techreport{3gpp.26.237,
 author = {3GPP},
 day = {25},
 institution = {{3rd Generation Partnership Project (3GPP)}},
 month = {12},
 note = {Version 17.0.0},
 number = {26.237},
 title = {{IP Multimedia Subsystem (IMS) based Packet Switch Streaming (PSS) and Multimedia Broadcast/Multicast Service (MBMS) User Service; Protocols}},
 type = {Technical Specification (TS)},
 url = {http://www.3gpp.org/DynaReport/26237.htm},
 year = {2021}
}

@techreport{3gpp.26.238,
 author = {3GPP},
 day = {25},
 institution = {{3rd Generation Partnership Project (3GPP)}},
 month = {12},
 note = {Version 17.0.0},
 number = {26.238},
 title = {{Uplink streaming}},
 type = {Technical Specification (TS)},
 url = {http://www.3gpp.org/DynaReport/26238.htm},
 year = {2021}
}

@techreport{3gpp.26.243,
 author = {3GPP},
 day = {21},
 institution = {{3rd Generation Partnership Project (3GPP)}},
 month = {7},
 note = {Version 16.0.0},
 number = {26.243},
 title = {{ANSI-C code for the fixed-point distributed speech recognition extended advanced front-end}},
 type = {Technical Specification (TS)},
 url = {http://www.3gpp.org/DynaReport/26243.htm},
 year = {2020}
}

@techreport{3gpp.26.244,
 author = {3GPP},
 day = {25},
 institution = {{3rd Generation Partnership Project (3GPP)}},
 month = {9},
 note = {Version 16.1.0},
 number = {26.244},
 title = {{Transparent end-to-end packet switched streaming service (PSS); 3GPP file format (3GP)}},
 type = {Technical Specification (TS)},
 url = {http://www.3gpp.org/DynaReport/26244.htm},
 year = {2020}
}

@techreport{3gpp.26.245,
 author = {3GPP},
 day = {21},
 institution = {{3rd Generation Partnership Project (3GPP)}},
 month = {7},
 note = {Version 16.0.0},
 number = {26.245},
 title = {{Transparent end-to-end Packet switched Streaming Service (PSS); Timed text format}},
 type = {Technical Specification (TS)},
 url = {http://www.3gpp.org/DynaReport/26245.htm},
 year = {2020}
}

@techreport{3gpp.26.246,
 author = {3GPP},
 day = {21},
 institution = {{3rd Generation Partnership Project (3GPP)}},
 month = {7},
 note = {Version 16.0.0},
 number = {26.246},
 title = {{Transparent end-to-end Packet-switched Streaming Service (PSS); 3GPP SMIL language profile}},
 type = {Technical Specification (TS)},
 url = {http://www.3gpp.org/DynaReport/26246.htm},
 year = {2020}
}

@techreport{3gpp.26.259,
 author = {3GPP},
 day = {21},
 institution = {{3rd Generation Partnership Project (3GPP)}},
 month = {7},
 note = {Version 16.0.0},
 number = {26.259},
 title = {{Subjective test methodologies for the evaluation of immersive audio systems }},
 type = {Technical Specification (TS)},
 url = {http://www.3gpp.org/DynaReport/26259.htm},
 year = {2020}
}

@techreport{3gpp.26.260,
 author = {3GPP},
 day = {21},
 institution = {{3rd Generation Partnership Project (3GPP)}},
 month = {7},
 note = {Version 16.0.0},
 number = {26.260},
 title = {{Objective test methodologies for the evaluation of immersive audio systems}},
 type = {Technical Specification (TS)},
 url = {http://www.3gpp.org/DynaReport/26260.htm},
 year = {2020}
}

@techreport{3gpp.26.281,
 author = {3GPP},
 day = {21},
 institution = {{3rd Generation Partnership Project (3GPP)}},
 month = {7},
 note = {Version 16.0.0},
 number = {26.281},
 title = {{Mission Critical Video (MCVideo); Codecs and media handling}},
 type = {Technical Specification (TS)},
 url = {http://www.3gpp.org/DynaReport/26281.htm},
 year = {2020}
}

@techreport{3gpp.26.290,
 author = {3GPP},
 day = {21},
 institution = {{3rd Generation Partnership Project (3GPP)}},
 month = {7},
 note = {Version 16.0.0},
 number = {26.290},
 title = {{Audio codec processing functions; Extended Adaptive Multi-Rate - Wideband (AMR-WB+) codec; Transcoding functions}},
 type = {Technical Specification (TS)},
 url = {http://www.3gpp.org/DynaReport/26290.htm},
 year = {2020}
}

@techreport{3gpp.26.304,
 author = {3GPP},
 day = {21},
 institution = {{3rd Generation Partnership Project (3GPP)}},
 month = {7},
 note = {Version 16.0.0},
 number = {26.304},
 title = {{Extended Adaptive Multi-Rate - Wideband (AMR-WB+) codec; Floating-point ANSI-C code}},
 type = {Technical Specification (TS)},
 url = {http://www.3gpp.org/DynaReport/26304.htm},
 year = {2020}
}

@techreport{3gpp.26.307,
 author = {3GPP},
 day = {21},
 institution = {{3rd Generation Partnership Project (3GPP)}},
 month = {7},
 note = {Version 16.0.0},
 number = {26.307},
 title = {{Presentation layer for 3GPP services}},
 type = {Technical Specification (TS)},
 url = {http://www.3gpp.org/DynaReport/26307.htm},
 year = {2020}
}

@techreport{3gpp.26.346,
 author = {3GPP},
 institution = {{3rd Generation Partnership Project (3GPP)}},
 note = {Version 16.10.0},
 number = {26.346},
 title = {{Multimedia Broadcast/Multicast Service (MBMS); Protocols and codecs}},
 type = {Technical Specification (TS)},
 url = {http://www.3gpp.org/DynaReport/26346.htm}
}

@techreport{3gpp.26.401,
 author = {3GPP},
 day = {21},
 institution = {{3rd Generation Partnership Project (3GPP)}},
 month = {7},
 note = {Version 16.0.0},
 number = {26.401},
 title = {{General audio codec audio processing functions; Enhanced aacPlus general audio codec; General description}},
 type = {Technical Specification (TS)},
 url = {http://www.3gpp.org/DynaReport/26401.htm},
 year = {2020}
}

@techreport{3gpp.26.402,
 author = {3GPP},
 day = {21},
 institution = {{3rd Generation Partnership Project (3GPP)}},
 month = {7},
 note = {Version 16.0.0},
 number = {26.402},
 title = {{General audio codec audio processing functions; Enhanced aacPlus general audio codec; Additional decoder tools}},
 type = {Technical Specification (TS)},
 url = {http://www.3gpp.org/DynaReport/26402.htm},
 year = {2020}
}

@techreport{3gpp.26.403,
 author = {3GPP},
 day = {21},
 institution = {{3rd Generation Partnership Project (3GPP)}},
 month = {7},
 note = {Version 16.0.0},
 number = {26.403},
 title = {{General audio codec audio processing functions; Enhanced aacPlus general audio codec; Encoder specification; Advanced Audio Coding (AAC) part}},
 type = {Technical Specification (TS)},
 url = {http://www.3gpp.org/DynaReport/26403.htm},
 year = {2020}
}

@techreport{3gpp.26.404,
 author = {3GPP},
 day = {21},
 institution = {{3rd Generation Partnership Project (3GPP)}},
 month = {7},
 note = {Version 16.0.0},
 number = {26.404},
 title = {{General audio codec audio processing functions; Enhanced aacPlus general audio codec; Enhanced aacPlus encoder Spectral Band Replication (SBR) part}},
 type = {Technical Specification (TS)},
 url = {http://www.3gpp.org/DynaReport/26404.htm},
 year = {2020}
}

@techreport{3gpp.26.405,
 author = {3GPP},
 day = {21},
 institution = {{3rd Generation Partnership Project (3GPP)}},
 month = {7},
 note = {Version 16.0.0},
 number = {26.405},
 title = {{General audio codec audio processing functions; Enhanced aacPlus general audio codec; Encoder specification parametric stereo part}},
 type = {Technical Specification (TS)},
 url = {http://www.3gpp.org/DynaReport/26405.htm},
 year = {2020}
}

@techreport{3gpp.26.406,
 author = {3GPP},
 day = {21},
 institution = {{3rd Generation Partnership Project (3GPP)}},
 month = {7},
 note = {Version 16.0.0},
 number = {26.406},
 title = {{General audio codec audio processing functions; Enhanced aacPlus general audio codec; Conformance testing}},
 type = {Technical Specification (TS)},
 url = {http://www.3gpp.org/DynaReport/26406.htm},
 year = {2020}
}

@techreport{3gpp.26.410,
 author = {3GPP},
 day = {21},
 institution = {{3rd Generation Partnership Project (3GPP)}},
 month = {7},
 note = {Version 16.0.0},
 number = {26.410},
 title = {{General audio codec audio processing functions; Enhanced aacPlus general audio codec; Floating-point ANSI-C code}},
 type = {Technical Specification (TS)},
 url = {http://www.3gpp.org/DynaReport/26410.htm},
 year = {2020}
}

@techreport{3gpp.26.411,
 author = {3GPP},
 day = {21},
 institution = {{3rd Generation Partnership Project (3GPP)}},
 month = {7},
 note = {Version 16.0.0},
 number = {26.411},
 title = {{General audio codec audio processing functions; Enhanced aacPlus general audio codec; Fixed-point ANSI-C code}},
 type = {Technical Specification (TS)},
 url = {http://www.3gpp.org/DynaReport/26411.htm},
 year = {2020}
}

@techreport{3gpp.26.412,
 author = {3GPP},
 day = {21},
 institution = {{3rd Generation Partnership Project (3GPP)}},
 month = {7},
 note = {Version 16.0.0},
 number = {26.412},
 title = {{Source code for 3GP file format}},
 type = {Technical Specification (TS)},
 url = {http://www.3gpp.org/DynaReport/26412.htm},
 year = {2020}
}

@techreport{3gpp.26.430,
 author = {3GPP},
 day = {14},
 institution = {{3rd Generation Partnership Project (3GPP)}},
 month = {10},
 note = {Version 16.0.2},
 number = {26.430},
 title = {{Timed graphics}},
 type = {Technical Specification (TS)},
 url = {http://www.3gpp.org/DynaReport/26430.htm},
 year = {2020}
}

@techreport{3gpp.26.441,
 author = {3GPP},
 day = {21},
 institution = {{3rd Generation Partnership Project (3GPP)}},
 month = {7},
 note = {Version 16.0.0},
 number = {26.441},
 title = {{Codec for Enhanced Voice Services (EVS); General overview}},
 type = {Technical Specification (TS)},
 url = {http://www.3gpp.org/DynaReport/26441.htm},
 year = {2020}
}

@techreport{3gpp.26.442,
 author = {3GPP},
 day = {25},
 institution = {{3rd Generation Partnership Project (3GPP)}},
 month = {12},
 note = {Version 16.4.0},
 number = {26.442},
 title = {{Codec for Enhanced Voice Services (EVS); ANSI C code (fixed-point)}},
 type = {Technical Specification (TS)},
 url = {http://www.3gpp.org/DynaReport/26442.htm},
 year = {2021}
}

@techreport{3gpp.26.451,
 author = {3GPP},
 day = {21},
 institution = {{3rd Generation Partnership Project (3GPP)}},
 month = {7},
 note = {Version 16.0.0},
 number = {26.451},
 title = {{Codec for Enhanced Voice Services (EVS); Voice Activity Detection (VAD)}},
 type = {Technical Specification (TS)},
 url = {http://www.3gpp.org/DynaReport/26451.htm},
 year = {2020}
}

@techreport{3gpp.27.007,
 author = {3GPP},
 day = {25},
 institution = {{3rd Generation Partnership Project (3GPP)}},
 month = {3},
 note = {Version 17.5.0},
 number = {27.007},
 title = {{AT command set for User Equipment (UE)}},
 type = {Technical Specification (TS)},
 url = {http://www.3gpp.org/DynaReport/27007.htm},
 year = {2022}
}

@techreport{3gpp.28.304,
 author = {3GPP},
 day = {17},
 institution = {{3rd Generation Partnership Project (3GPP)}},
 month = {7},
 note = {Version 16.0.0},
 number = {28.304},
 title = {{Control and monitoring of Power, Energy and Environmental (PEE) parameters Integration Reference Point (IRP); Requirements}},
 type = {Technical Specification (TS)},
 url = {http://www.3gpp.org/DynaReport/28304.htm},
 year = {2020}
}

@techreport{3gpp.28.305,
 author = {3GPP},
 day = {17},
 institution = {{3rd Generation Partnership Project (3GPP)}},
 month = {7},
 note = {Version 16.0.0},
 number = {28.305},
 title = {{Control and monitoring of Power, Energy and Environmental (PEE) parameters Integration Reference Point (IRP); Information Service (IS)}},
 type = {Technical Specification (TS)},
 url = {http://www.3gpp.org/DynaReport/28305.htm},
 year = {2020}
}

@techreport{3gpp.28.306,
 author = {3GPP},
 day = {10},
 institution = {{3rd Generation Partnership Project (3GPP)}},
 month = {7},
 note = {Version 16.0.0},
 number = {28.306},
 title = {{Control and monitoring of Power, Energy and Environmental (PEE) parameters Integration Reference Point (IRP); Solution Set (SS) definitions}},
 type = {Technical Specification (TS)},
 url = {http://www.3gpp.org/DynaReport/28306.htm},
 year = {2020}
}

@techreport{3gpp.28.307,
 author = {3GPP},
 day = {8},
 institution = {{3rd Generation Partnership Project (3GPP)}},
 month = {7},
 note = {Version 16.0.0},
 number = {28.307},
 title = {{Telecommunication management; Quality of Experience (QoE) measurement collection Integration Reference Point (IRP); Requirements}},
 type = {Technical Specification (TS)},
 url = {http://www.3gpp.org/DynaReport/28307.htm},
 year = {2020}
}

@techreport{3gpp.28.308,
 author = {3GPP},
 day = {8},
 institution = {{3rd Generation Partnership Project (3GPP)}},
 month = {7},
 note = {Version 16.0.0},
 number = {28.308},
 title = {{Telecommunication management;Quality of Experience (QoE) measurement collection Integration Reference Point (IRP); Information Service (IS)}},
 type = {Technical Specification (TS)},
 url = {http://www.3gpp.org/DynaReport/28308.htm},
 year = {2020}
}

@techreport{3gpp.28.309,
 author = {3GPP},
 day = {25},
 institution = {{3rd Generation Partnership Project (3GPP)}},
 month = {9},
 note = {Version 16.0.0},
 number = {28.309},
 title = {{Management of Quality of Experience (QoE) measurement collection Integration Reference Point (IRP); Solution Set (SS) definitions}},
 type = {Technical Specification (TS)},
 url = {http://www.3gpp.org/DynaReport/28309.htm},
 year = {2020}
}

@techreport{3gpp.28.404,
 author = {3GPP},
 day = {22},
 institution = {{3rd Generation Partnership Project (3GPP)}},
 month = {3},
 note = {Version 17.1.0},
 number = {28.404},
 title = {{Telecommunication management; Quality of Experience (QoE) measurement collection; Concepts, use cases and requirements}},
 type = {Technical Specification (TS)},
 url = {http://www.3gpp.org/DynaReport/28404.htm},
 year = {2022}
}

@techreport{3gpp.28.405,
 author = {3GPP},
 day = {22},
 institution = {{3rd Generation Partnership Project (3GPP)}},
 month = {3},
 note = {Version 17.1.0},
 number = {28.405},
 title = {{Telecommunication management; Quality of Experience (QoE) measurement collection; Control and configuration}},
 type = {Technical Specification (TS)},
 url = {http://www.3gpp.org/DynaReport/28405.htm},
 year = {2022}
}

@techreport{3gpp.28.406,
 author = {3GPP},
 day = {8},
 institution = {{3rd Generation Partnership Project (3GPP)}},
 month = {7},
 note = {Version 16.0.0},
 number = {28.406},
 title = {{Telecommunication management; Quality of Experience (QoE) measurement collection; Information definition and transport}},
 type = {Technical Specification (TS)},
 url = {http://www.3gpp.org/DynaReport/28406.htm},
 year = {2020}
}

@techreport{3gpp.28.530,
 author = {3GPP},
 day = {23},
 institution = {{3rd Generation Partnership Project (3GPP)}},
 month = {12},
 note = {Version 17.2.0},
 number = {28.530},
 title = {{Management and orchestration; Concepts, use cases and requirements}},
 type = {Technical Specification (TS)},
 url = {http://www.3gpp.org/DynaReport/28530.htm},
 year = {2021}
}

@techreport{3gpp.28.531,
 author = {3GPP},
 day = {22},
 institution = {{3rd Generation Partnership Project (3GPP)}},
 month = {3},
 note = {Version 17.3.0},
 number = {28.531},
 title = {{Management and orchestration; Provisioning}},
 type = {Technical Specification (TS)},
 url = {http://www.3gpp.org/DynaReport/28531.htm},
 year = {2022}
}

@techreport{3gpp.28.532,
 author = {3GPP},
 day = {22},
 institution = {{3rd Generation Partnership Project (3GPP)}},
 month = {3},
 note = {Version 17.0.0},
 number = {28.532},
 title = {{Management and orchestration; Generic management services}},
 type = {Technical Specification (TS)},
 url = {http://www.3gpp.org/DynaReport/28532.htm},
 year = {2022}
}

@techreport{3gpp.28.533,
 author = {3GPP},
 day = {22},
 institution = {{3rd Generation Partnership Project (3GPP)}},
 month = {3},
 note = {Version 17.2.0},
 number = {28.533},
 title = {{Management and orchestration; Architecture framework}},
 type = {Technical Specification (TS)},
 url = {http://www.3gpp.org/DynaReport/28533.htm},
 year = {2022}
}

@techreport{3gpp.28.540,
 author = {3GPP},
 day = {23},
 institution = {{3rd Generation Partnership Project (3GPP)}},
 month = {12},
 note = {Version 17.2.0},
 number = {28.540},
 title = {{Management and orchestration; 5G Network Resource Model (NRM); Stage 1}},
 type = {Technical Specification (TS)},
 url = {http://www.3gpp.org/DynaReport/28540.htm},
 year = {2021}
}

@techreport{3gpp.28.541,
 author = {3GPP},
 day = {22},
 institution = {{3rd Generation Partnership Project (3GPP)}},
 month = {3},
 note = {Version 17.6.0},
 number = {28.541},
 title = {{Management and orchestration; 5G Network Resource Model (NRM); Stage 2 and stage 3}},
 type = {Technical Specification (TS)},
 url = {http://www.3gpp.org/DynaReport/28541.htm},
 year = {2022}
}

@techreport{3gpp.28.542,
 author = {3GPP},
 day = {5},
 institution = {{3rd Generation Partnership Project (3GPP)}},
 month = {6},
 note = {Version 1.0.0},
 number = {28.542},
 title = {{Management and orchestration of networks and network slicing; 5G Core Network (5GC) Network Resource Model (NRM); Stage 1}},
 type = {Technical Specification (TS)},
 url = {http://www.3gpp.org/DynaReport/28542.htm},
 year = {2018}
}

@techreport{3gpp.28.543,
 author = {3GPP},
 institution = {{3rd Generation Partnership Project (3GPP)}},
 note = {Version 1.1.0},
 number = {28.543},
 title = {{Management and orchestration of networks and network slicing; 5G Core Network (5GC) Network Resource Model (NRM); Stage 2 and stage 3}},
 type = {Technical Specification (TS)},
 url = {http://www.3gpp.org/DynaReport/28543.htm}
}

@techreport{3gpp.28.545,
 author = {3GPP},
 day = {24},
 institution = {{3rd Generation Partnership Project (3GPP)}},
 month = {6},
 note = {Version 17.0.0},
 number = {28.545},
 title = {{Management and orchestration; Fault Supervision (FS)}},
 type = {Technical Specification (TS)},
 url = {http://www.3gpp.org/DynaReport/28545.htm},
 year = {2021}
}

@techreport{3gpp.28.546,
 author = {3GPP},
 day = {6},
 institution = {{3rd Generation Partnership Project (3GPP)}},
 month = {7},
 note = {Version 0.3.0},
 number = {28.546},
 title = {{Management and orchestration of networks and network slicing; Fault Supervision (FS); Stage 2 and stage 3}},
 type = {Technical Specification (TS)},
 url = {http://www.3gpp.org/DynaReport/28546.htm},
 year = {2018}
}

@techreport{3gpp.28.550,
 author = {3GPP},
 day = {23},
 institution = {{3rd Generation Partnership Project (3GPP)}},
 month = {9},
 note = {Version 16.8.0},
 number = {28.550},
 title = {{Management and orchestration; Performance assurance}},
 type = {Technical Specification (TS)},
 url = {http://www.3gpp.org/DynaReport/28550.htm},
 year = {2021}
}

@techreport{3gpp.28.551,
 author = {3GPP},
 day = {6},
 institution = {{3rd Generation Partnership Project (3GPP)}},
 month = {7},
 note = {Version 0.3.0},
 number = {28.551},
 title = {{Management and orchestration of networks and network slicing; Performance Management (PM); Stage 2 and stage 3}},
 type = {Technical Specification (TS)},
 url = {http://www.3gpp.org/DynaReport/28551.htm},
 year = {2018}
}

@techreport{3gpp.28.552,
 author = {3GPP},
 day = {22},
 institution = {{3rd Generation Partnership Project (3GPP)}},
 month = {3},
 note = {Version 17.6.0},
 number = {28.552},
 title = {{Management and orchestration; 5G performance measurements}},
 type = {Technical Specification (TS)},
 url = {http://www.3gpp.org/DynaReport/28552.htm},
 year = {2022}
}

@techreport{3gpp.28.553,
 author = {3GPP},
 day = {6},
 institution = {{3rd Generation Partnership Project (3GPP)}},
 month = {7},
 note = {Version 0.4.0},
 number = {28.553},
 title = {{Management and orchestration of networks and network slicing; 5G Core Network (5GC) performance measurements and assurance data}},
 type = {Technical Specification (TS)},
 url = {http://www.3gpp.org/DynaReport/28553.htm},
 year = {2018}
}

@techreport{3gpp.28.554,
 author = {3GPP},
 day = {22},
 institution = {{3rd Generation Partnership Project (3GPP)}},
 month = {3},
 note = {Version 17.6.0},
 number = {28.554},
 title = {{Management and orchestration; 5G end to end Key Performance Indicators (KPI)}},
 type = {Technical Specification (TS)},
 url = {http://www.3gpp.org/DynaReport/28554.htm},
 year = {2022}
}

@techreport{3gpp.28.621,
 author = {3GPP},
 day = {10},
 institution = {{3rd Generation Partnership Project (3GPP)}},
 month = {7},
 note = {Version 16.0.0},
 number = {28.621},
 title = {{Telecommunication management; Generic Network Resource Model (NRM) Integration Reference Point (IRP); Requirements}},
 type = {Technical Specification (TS)},
 url = {http://www.3gpp.org/DynaReport/28621.htm},
 year = {2020}
}

@techreport{3gpp.28.622,
 author = {3GPP},
 day = {23},
 institution = {{3rd Generation Partnership Project (3GPP)}},
 month = {3},
 note = {Version 17.1.1},
 number = {28.622},
 title = {{Telecommunication management; Generic Network Resource Model (NRM) Integration Reference Point (IRP); Information Service (IS)}},
 type = {Technical Specification (TS)},
 url = {http://www.3gpp.org/DynaReport/28622.htm},
 year = {2022}
}

@techreport{3gpp.28.623,
 author = {3GPP},
 day = {22},
 institution = {{3rd Generation Partnership Project (3GPP)}},
 month = {3},
 note = {Version 17.1.0},
 number = {28.623},
 title = {{Telecommunication management; Generic Network Resource Model (NRM) Integration Reference Point (IRP); Solution Set (SS) definitions}},
 type = {Technical Specification (TS)},
 url = {http://www.3gpp.org/DynaReport/28623.htm},
 year = {2022}
}

@techreport{3gpp.29.002,
 author = {3GPP},
 day = {29},
 institution = {{3rd Generation Partnership Project (3GPP)}},
 month = {6},
 note = {Version 17.1.0},
 number = {29.002},
 title = {{Mobile Application Part (MAP) specification}},
 type = {Technical Specification (TS)},
 url = {http://www.3gpp.org/DynaReport/29002.htm},
 year = {2021}
}

@techreport{3gpp.29.010,
 author = {3GPP},
 day = {16},
 institution = {{3rd Generation Partnership Project (3GPP)}},
 month = {12},
 note = {Version 16.1.0},
 number = {29.010},
 title = {{Information element mapping between Mobile Station - Base Station System (MS - BSS) and Base Station System - Mobile-services Switching Centre (BSS - MSC); Signalling Procedures and the Mobile Application Part (MAP)}},
 type = {Technical Specification (TS)},
 url = {http://www.3gpp.org/DynaReport/29010.htm},
 year = {2021}
}

@techreport{3gpp.29.061,
 author = {3GPP},
 day = {21},
 institution = {{3rd Generation Partnership Project (3GPP)}},
 month = {3},
 note = {Version 17.6.0},
 number = {29.061},
 title = {{Interworking between the Public Land Mobile Network (PLMN) supporting packet based services and Packet Data Networks (PDN)}},
 type = {Technical Specification (TS)},
 url = {http://www.3gpp.org/DynaReport/29061.htm},
 year = {2022}
}

@techreport{3gpp.29.116,
 author = {3GPP},
 day = {22},
 institution = {{3rd Generation Partnership Project (3GPP)}},
 month = {12},
 note = {Version 17.1.0},
 number = {29.116},
 title = {{Representational state transfer over xMB reference point between content provider and BM-SC}},
 type = {Technical Specification (TS)},
 url = {http://www.3gpp.org/DynaReport/29116.htm},
 year = {2021}
}

@techreport{3gpp.29.122,
 author = {3GPP},
 day = {21},
 institution = {{3rd Generation Partnership Project (3GPP)}},
 month = {3},
 note = {Version 17.5.0},
 number = {29.122},
 title = {{T8 reference point for Northbound APIs}},
 type = {Technical Specification (TS)},
 url = {http://www.3gpp.org/DynaReport/29122.htm},
 year = {2022}
}

@techreport{3gpp.29.162,
 author = {3GPP},
 day = {21},
 institution = {{3rd Generation Partnership Project (3GPP)}},
 month = {3},
 note = {Version 17.0.0},
 number = {29.162},
 title = {{Interworking between the IM CN subsystem and IP networks}},
 type = {Technical Specification (TS)},
 url = {http://www.3gpp.org/DynaReport/29162.htm},
 year = {2022}
}

@techreport{3gpp.29.163,
 author = {3GPP},
 day = {21},
 institution = {{3rd Generation Partnership Project (3GPP)}},
 month = {3},
 note = {Version 17.3.0},
 number = {29.163},
 title = {{Interworking between the IP Multimedia (IM) Core Network (CN) subsystem and Circuit Switched (CS) networks}},
 type = {Technical Specification (TS)},
 url = {http://www.3gpp.org/DynaReport/29163.htm},
 year = {2022}
}

@techreport{3gpp.29.165,
 author = {3GPP},
 day = {23},
 institution = {{3rd Generation Partnership Project (3GPP)}},
 month = {9},
 note = {Version 17.3.0},
 number = {29.165},
 title = {{Inter-IMS Network to Network Interface (NNI)}},
 type = {Technical Specification (TS)},
 url = {http://www.3gpp.org/DynaReport/29165.htm},
 year = {2021}
}

@techreport{3gpp.29.168,
 author = {3GPP},
 day = {16},
 institution = {{3rd Generation Partnership Project (3GPP)}},
 month = {12},
 note = {Version 17.1.0},
 number = {29.168},
 title = {{Cell Broadcast Centre interfaces with the Evolved Packet Core;  Stage 3}},
 type = {Technical Specification (TS)},
 url = {http://www.3gpp.org/DynaReport/29168.htm},
 year = {2021}
}

@techreport{3gpp.29.212,
 author = {3GPP},
 day = {21},
 institution = {{3rd Generation Partnership Project (3GPP)}},
 month = {3},
 note = {Version 17.2.0},
 number = {29.212},
 title = {{Policy and Charging Control (PCC); Reference points}},
 type = {Technical Specification (TS)},
 url = {http://www.3gpp.org/DynaReport/29212.htm},
 year = {2022}
}

@techreport{3gpp.29.213,
 author = {3GPP},
 day = {21},
 institution = {{3rd Generation Partnership Project (3GPP)}},
 month = {3},
 note = {Version 17.2.0},
 number = {29.213},
 title = {{Policy and charging control signalling flows and Quality of Service (QoS) parameter mapping}},
 type = {Technical Specification (TS)},
 url = {http://www.3gpp.org/DynaReport/29213.htm},
 year = {2022}
}

@techreport{3gpp.29.214,
 author = {3GPP},
 day = {21},
 institution = {{3rd Generation Partnership Project (3GPP)}},
 month = {3},
 note = {Version 17.3.0},
 number = {29.214},
 title = {{Policy and charging control over Rx reference point}},
 type = {Technical Specification (TS)},
 url = {http://www.3gpp.org/DynaReport/29214.htm},
 year = {2022}
}

@techreport{3gpp.29.222,
 author = {3GPP},
 day = {21},
 institution = {{3rd Generation Partnership Project (3GPP)}},
 month = {3},
 note = {Version 17.4.0},
 number = {29.222},
 title = {{Common API Framework for 3GPP Northbound APIs}},
 type = {Technical Specification (TS)},
 url = {http://www.3gpp.org/DynaReport/29222.htm},
 year = {2022}
}

@techreport{3gpp.29.228,
 author = {3GPP},
 day = {18},
 institution = {{3rd Generation Partnership Project (3GPP)}},
 month = {3},
 note = {Version 17.1.0},
 number = {29.228},
 title = {{IP Multimedia (IM) Subsystem Cx and Dx Interfaces; Signalling flows and message contents}},
 type = {Technical Specification (TS)},
 url = {http://www.3gpp.org/DynaReport/29228.htm},
 year = {2022}
}

@techreport{3gpp.29.230,
 author = {3GPP},
 day = {18},
 institution = {{3rd Generation Partnership Project (3GPP)}},
 month = {3},
 note = {Version 17.2.0},
 number = {29.230},
 title = {{Diameter applications; 3GPP specific codes and identifiers}},
 type = {Technical Specification (TS)},
 url = {http://www.3gpp.org/DynaReport/29230.htm},
 year = {2022}
}

@techreport{3gpp.29.244,
 author = {3GPP},
 day = {18},
 institution = {{3rd Generation Partnership Project (3GPP)}},
 month = {3},
 note = {Version 17.4.0},
 number = {29.244},
 title = {{Interface between the Control Plane and the User Plane nodes}},
 type = {Technical Specification (TS)},
 url = {http://www.3gpp.org/DynaReport/29244.htm},
 year = {2022}
}

@techreport{3gpp.29.272,
 author = {3GPP},
 day = {18},
 institution = {{3rd Generation Partnership Project (3GPP)}},
 month = {3},
 note = {Version 17.2.0},
 number = {29.272},
 title = {{Evolved Packet System (EPS); Mobility Management Entity (MME) and Serving GPRS Support Node (SGSN) related interfaces based on Diameter protocol}},
 type = {Technical Specification (TS)},
 url = {http://www.3gpp.org/DynaReport/29272.htm},
 year = {2022}
}

@techreport{3gpp.29.273,
 author = {3GPP},
 day = {18},
 institution = {{3rd Generation Partnership Project (3GPP)}},
 month = {3},
 note = {Version 17.2.0},
 number = {29.273},
 title = {{Evolved Packet System (EPS); 3GPP EPS AAA interfaces}},
 type = {Technical Specification (TS)},
 url = {http://www.3gpp.org/DynaReport/29273.htm},
 year = {2022}
}

@techreport{3gpp.29.274,
 author = {3GPP},
 day = {18},
 institution = {{3rd Generation Partnership Project (3GPP)}},
 month = {3},
 note = {Version 17.5.0},
 number = {29.274},
 title = {{3GPP Evolved Packet System (EPS); Evolved General Packet Radio Service (GPRS) Tunnelling Protocol for Control plane (GTPv2-C); Stage 3}},
 type = {Technical Specification (TS)},
 url = {http://www.3gpp.org/DynaReport/29274.htm},
 year = {2022}
}

@techreport{3gpp.29.281,
 author = {3GPP},
 day = {18},
 institution = {{3rd Generation Partnership Project (3GPP)}},
 month = {3},
 note = {Version 17.2.0},
 number = {29.281},
 title = {{General Packet Radio System (GPRS) Tunnelling Protocol User Plane (GTPv1-U)}},
 type = {Technical Specification (TS)},
 url = {http://www.3gpp.org/DynaReport/29281.htm},
 year = {2022}
}

@techreport{3gpp.29.292,
 author = {3GPP},
 day = {22},
 institution = {{3rd Generation Partnership Project (3GPP)}},
 month = {3},
 note = {Version 17.0.0},
 number = {29.292},
 title = {{Interworking between the IP Multimedia (IM) Core Network (CN) subsystem (IMS) and MSC Server for IMS Centralized Services (ICS)}},
 type = {Technical Specification (TS)},
 url = {http://www.3gpp.org/DynaReport/29292.htm},
 year = {2022}
}

@techreport{3gpp.29.303,
 author = {3GPP},
 day = {18},
 institution = {{3rd Generation Partnership Project (3GPP)}},
 month = {3},
 note = {Version 17.3.0},
 number = {29.303},
 title = {{Domain Name System Procedures; Stage 3}},
 type = {Technical Specification (TS)},
 url = {http://www.3gpp.org/DynaReport/29303.htm},
 year = {2022}
}

@techreport{3gpp.29.328,
 author = {3GPP},
 day = {18},
 institution = {{3rd Generation Partnership Project (3GPP)}},
 month = {3},
 note = {Version 17.3.0},
 number = {29.328},
 title = {{IP Multimedia (IM) Subsystem Sh interface; Signalling flows and message contents}},
 type = {Technical Specification (TS)},
 url = {http://www.3gpp.org/DynaReport/29328.htm},
 year = {2022}
}

@techreport{3gpp.29.329,
 author = {3GPP},
 day = {30},
 institution = {{3rd Generation Partnership Project (3GPP)}},
 month = {3},
 note = {Version 16.2.0},
 number = {29.329},
 title = {{Sh interface based on the Diameter protocol; Protocol details}},
 type = {Technical Specification (TS)},
 url = {http://www.3gpp.org/DynaReport/29329.htm},
 year = {2021}
}

@techreport{3gpp.29.338,
 author = {3GPP},
 day = {30},
 institution = {{3rd Generation Partnership Project (3GPP)}},
 month = {3},
 note = {Version 17.0.0},
 number = {29.338},
 title = {{Diameter based protocols to support Short Message Service (SMS) capable Mobile Management Entities (MMEs)}},
 type = {Technical Specification (TS)},
 url = {http://www.3gpp.org/DynaReport/29338.htm},
 year = {2021}
}

@techreport{3gpp.29.413,
 author = {3GPP},
 day = {1},
 institution = {{3rd Generation Partnership Project (3GPP)}},
 month = {10},
 note = {Version 16.3.0},
 number = {29.413},
 title = {{Application of the NG Application Protocol (NGAP) to non-3GPP access}},
 type = {Technical Specification (TS)},
 url = {http://www.3gpp.org/DynaReport/29413.htm},
 year = {2021}
}

@techreport{3gpp.29.500,
 author = {3GPP},
 day = {18},
 institution = {{3rd Generation Partnership Project (3GPP)}},
 month = {3},
 note = {Version 17.6.0},
 number = {29.500},
 title = {{5G System; Technical Realization of Service Based Architecture; Stage 3}},
 type = {Technical Specification (TS)},
 url = {http://www.3gpp.org/DynaReport/29500.htm},
 year = {2022}
}

@techreport{3gpp.29.501,
 author = {3GPP},
 day = {18},
 institution = {{3rd Generation Partnership Project (3GPP)}},
 month = {3},
 note = {Version 17.5.0},
 number = {29.501},
 title = {{5G System; Principles and Guidelines for Services Definition; Stage 3}},
 type = {Technical Specification (TS)},
 url = {http://www.3gpp.org/DynaReport/29501.htm},
 year = {2022}
}

@techreport{3gpp.29.502,
 author = {3GPP},
 day = {19},
 institution = {{3rd Generation Partnership Project (3GPP)}},
 month = {3},
 note = {Version 17.4.0},
 number = {29.502},
 title = {{5G System; Session Management Services; Stage 3}},
 type = {Technical Specification (TS)},
 url = {http://www.3gpp.org/DynaReport/29502.htm},
 year = {2022}
}

@techreport{3gpp.29.503,
 author = {3GPP},
 day = {19},
 institution = {{3rd Generation Partnership Project (3GPP)}},
 month = {3},
 note = {Version 17.6.0},
 number = {29.503},
 title = {{5G System; Unified Data Management Services; Stage 3}},
 type = {Technical Specification (TS)},
 url = {http://www.3gpp.org/DynaReport/29503.htm},
 year = {2022}
}

@techreport{3gpp.29.504,
 author = {3GPP},
 day = {19},
 institution = {{3rd Generation Partnership Project (3GPP)}},
 month = {3},
 note = {Version 17.6.0},
 number = {29.504},
 title = {{5G System; Unified Data Repository Services; Stage 3}},
 type = {Technical Specification (TS)},
 url = {http://www.3gpp.org/DynaReport/29504.htm},
 year = {2022}
}

@techreport{3gpp.29.505,
 author = {3GPP},
 day = {19},
 institution = {{3rd Generation Partnership Project (3GPP)}},
 month = {3},
 note = {Version 17.6.0},
 number = {29.505},
 title = {{5G System; Usage of the Unified Data Repository services for Subscription Data; Stage 3}},
 type = {Technical Specification (TS)},
 url = {http://www.3gpp.org/DynaReport/29505.htm},
 year = {2022}
}

@techreport{3gpp.29.507,
 author = {3GPP},
 day = {21},
 institution = {{3rd Generation Partnership Project (3GPP)}},
 month = {3},
 note = {Version 17.6.0},
 number = {29.507},
 title = {{5G System; Access and Mobility Policy Control Service; Stage 3}},
 type = {Technical Specification (TS)},
 url = {http://www.3gpp.org/DynaReport/29507.htm},
 year = {2022}
}

@techreport{3gpp.29.508,
 author = {3GPP},
 day = {21},
 institution = {{3rd Generation Partnership Project (3GPP)}},
 month = {3},
 note = {Version 17.6.0},
 number = {29.508},
 title = {{5G System; Session Management Event Exposure Service; Stage 3}},
 type = {Technical Specification (TS)},
 url = {http://www.3gpp.org/DynaReport/29508.htm},
 year = {2022}
}

@techreport{3gpp.29.509,
 author = {3GPP},
 day = {19},
 institution = {{3rd Generation Partnership Project (3GPP)}},
 month = {3},
 note = {Version 17.5.0},
 number = {29.509},
 title = {{5G System; Authentication Server Services; Stage 3}},
 type = {Technical Specification (TS)},
 url = {http://www.3gpp.org/DynaReport/29509.htm},
 year = {2022}
}

@techreport{3gpp.29.510,
 author = {3GPP},
 day = {19},
 institution = {{3rd Generation Partnership Project (3GPP)}},
 month = {3},
 note = {Version 17.5.0},
 number = {29.510},
 title = {{5G System; Network function repository services; Stage 3}},
 type = {Technical Specification (TS)},
 url = {http://www.3gpp.org/DynaReport/29510.htm},
 year = {2022}
}

@techreport{3gpp.29.511,
 author = {3GPP},
 day = {17},
 institution = {{3rd Generation Partnership Project (3GPP)}},
 month = {9},
 note = {Version 17.2.0},
 number = {29.511},
 title = {{5G System; Equipment Identity Register Services; Stage 3}},
 type = {Technical Specification (TS)},
 url = {http://www.3gpp.org/DynaReport/29511.htm},
 year = {2021}
}

@techreport{3gpp.29.512,
 author = {3GPP},
 day = {21},
 institution = {{3rd Generation Partnership Project (3GPP)}},
 month = {3},
 note = {Version 17.6.0},
 number = {29.512},
 title = {{5G System; Session Management Policy Control Service; Stage 3}},
 type = {Technical Specification (TS)},
 url = {http://www.3gpp.org/DynaReport/29512.htm},
 year = {2022}
}

@techreport{3gpp.29.513,
 author = {3GPP},
 day = {21},
 institution = {{3rd Generation Partnership Project (3GPP)}},
 month = {3},
 note = {Version 17.6.0},
 number = {29.513},
 title = {{5G System; Policy and Charging Control signalling flows and QoS parameter mapping; Stage 3}},
 type = {Technical Specification (TS)},
 url = {http://www.3gpp.org/DynaReport/29513.htm},
 year = {2022}
}

@techreport{3gpp.29.514,
 author = {3GPP},
 day = {22},
 institution = {{3rd Generation Partnership Project (3GPP)}},
 month = {3},
 note = {Version 17.4.0},
 number = {29.514},
 title = {{5G System; Policy Authorization Service; Stage 3}},
 type = {Technical Specification (TS)},
 url = {http://www.3gpp.org/DynaReport/29514.htm},
 year = {2022}
}

@techreport{3gpp.29.516,
 author = {3GPP},
 day = {8},
 institution = {{3rd Generation Partnership Project (3GPP)}},
 month = {11},
 note = {Version 0.1.0},
 number = {29.516},
 title = {{5G System; Interworking between 5G Network and external Data Networks; Stage 3}},
 type = {Technical Specification (TS)},
 url = {http://www.3gpp.org/DynaReport/29516.htm},
 year = {2017}
}

@techreport{3gpp.29.518,
 author = {3GPP},
 day = {19},
 institution = {{3rd Generation Partnership Project (3GPP)}},
 month = {3},
 note = {Version 17.5.0},
 number = {29.518},
 title = {{5G System; Access and Mobility Management Services; Stage 3}},
 type = {Technical Specification (TS)},
 url = {http://www.3gpp.org/DynaReport/29518.htm},
 year = {2022}
}

@techreport{3gpp.29.519,
 author = {3GPP},
 day = {22},
 institution = {{3rd Generation Partnership Project (3GPP)}},
 month = {3},
 note = {Version 17.6.0},
 number = {29.519},
 title = {{5G System; Usage of the Unified Data Repository Service for Policy Data, Application Data and Structured Data for Exposure; Stage 3}},
 type = {Technical Specification (TS)},
 url = {http://www.3gpp.org/DynaReport/29519.htm},
 year = {2022}
}

@techreport{3gpp.29.520,
 author = {3GPP},
 day = {22},
 institution = {{3rd Generation Partnership Project (3GPP)}},
 month = {3},
 note = {Version 17.6.0},
 number = {29.520},
 title = {{5G System; Network Data Analytics Services; Stage 3}},
 type = {Technical Specification (TS)},
 url = {http://www.3gpp.org/DynaReport/29520.htm},
 year = {2022}
}

@techreport{3gpp.29.521,
 author = {3GPP},
 day = {22},
 institution = {{3rd Generation Partnership Project (3GPP)}},
 month = {3},
 note = {Version 17.4.0},
 number = {29.521},
 title = {{5G System; Binding Support Management Service; Stage 3}},
 type = {Technical Specification (TS)},
 url = {http://www.3gpp.org/DynaReport/29521.htm},
 year = {2022}
}

@techreport{3gpp.29.522,
 author = {3GPP},
 day = {21},
 institution = {{3rd Generation Partnership Project (3GPP)}},
 month = {3},
 note = {Version 17.5.0},
 number = {29.522},
 title = {{5G System; Network Exposure Function Northbound APIs; Stage 3}},
 type = {Technical Specification (TS)},
 url = {http://www.3gpp.org/DynaReport/29522.htm},
 year = {2022}
}

@techreport{3gpp.29.523,
 author = {3GPP},
 day = {21},
 institution = {{3rd Generation Partnership Project (3GPP)}},
 month = {3},
 note = {Version 17.6.0},
 number = {29.523},
 title = {{5G System; Policy Control Event Exposure Service; Stage 3}},
 type = {Technical Specification (TS)},
 url = {http://www.3gpp.org/DynaReport/29523.htm},
 year = {2022}
}

@techreport{3gpp.29.524,
 author = {3GPP},
 day = {17},
 institution = {{3rd Generation Partnership Project (3GPP)}},
 month = {12},
 note = {Version 17.3.0},
 number = {29.524},
 title = {{5G System; Cause codes mapping between 5GC interfaces; Stage 3}},
 type = {Technical Specification (TS)},
 url = {http://www.3gpp.org/DynaReport/29524.htm},
 year = {2021}
}

@techreport{3gpp.29.525,
 author = {3GPP},
 day = {21},
 institution = {{3rd Generation Partnership Project (3GPP)}},
 month = {3},
 note = {Version 17.6.0},
 number = {29.525},
 title = {{5G System; UE Policy Control Service; Stage 3}},
 type = {Technical Specification (TS)},
 url = {http://www.3gpp.org/DynaReport/29525.htm},
 year = {2022}
}

@techreport{3gpp.29.531,
 author = {3GPP},
 day = {19},
 institution = {{3rd Generation Partnership Project (3GPP)}},
 month = {3},
 note = {Version 17.4.0},
 number = {29.531},
 title = {{5G System; Network Slice Selection Services; Stage 3}},
 type = {Technical Specification (TS)},
 url = {http://www.3gpp.org/DynaReport/29531.htm},
 year = {2022}
}

@techreport{3gpp.29.540,
 author = {3GPP},
 day = {19},
 institution = {{3rd Generation Partnership Project (3GPP)}},
 month = {3},
 note = {Version 17.4.0},
 number = {29.540},
 title = {{5G System; SMS Services; Stage 3}},
 type = {Technical Specification (TS)},
 url = {http://www.3gpp.org/DynaReport/29540.htm},
 year = {2022}
}

@techreport{3gpp.29.551,
 author = {3GPP},
 day = {21},
 institution = {{3rd Generation Partnership Project (3GPP)}},
 month = {3},
 note = {Version 17.6.0},
 number = {29.551},
 title = {{5G System; Packet Flow Description Management Service; Stage 3}},
 type = {Technical Specification (TS)},
 url = {http://www.3gpp.org/DynaReport/29551.htm},
 year = {2022}
}

@techreport{3gpp.29.554,
 author = {3GPP},
 day = {21},
 institution = {{3rd Generation Partnership Project (3GPP)}},
 month = {3},
 note = {Version 17.3.0},
 number = {29.554},
 title = {{5G System; Background Data Transfer Policy Control Service; Stage 3}},
 type = {Technical Specification (TS)},
 url = {http://www.3gpp.org/DynaReport/29554.htm},
 year = {2022}
}

@techreport{3gpp.29.561,
 author = {3GPP},
 day = {21},
 institution = {{3rd Generation Partnership Project (3GPP)}},
 month = {3},
 note = {Version 17.5.0},
 number = {29.561},
 title = {{5G System; Interworking between 5G Network and external Data Networks; Stage 3}},
 type = {Technical Specification (TS)},
 url = {http://www.3gpp.org/DynaReport/29561.htm},
 year = {2022}
}

@techreport{3gpp.29.571,
 author = {3GPP},
 day = {19},
 institution = {{3rd Generation Partnership Project (3GPP)}},
 month = {3},
 note = {Version 17.5.0},
 number = {29.571},
 title = {{5G System; Common Data Types for Service Based Interfaces; Stage 3}},
 type = {Technical Specification (TS)},
 url = {http://www.3gpp.org/DynaReport/29571.htm},
 year = {2022}
}

@techreport{3gpp.29.572,
 author = {3GPP},
 day = {19},
 institution = {{3rd Generation Partnership Project (3GPP)}},
 month = {3},
 note = {Version 17.4.0},
 number = {29.572},
 title = {{5G System; Location Management Services; Stage 3}},
 type = {Technical Specification (TS)},
 url = {http://www.3gpp.org/DynaReport/29572.htm},
 year = {2022}
}

@techreport{3gpp.29.573,
 author = {3GPP},
 day = {19},
 institution = {{3rd Generation Partnership Project (3GPP)}},
 month = {3},
 note = {Version 17.4.0},
 number = {29.573},
 title = {{5G System; Public Land Mobile Network (PLMN) Interconnection; Stage 3}},
 type = {Technical Specification (TS)},
 url = {http://www.3gpp.org/DynaReport/29573.htm},
 year = {2022}
}

@techreport{3gpp.29.594,
 author = {3GPP},
 day = {21},
 institution = {{3rd Generation Partnership Project (3GPP)}},
 month = {3},
 note = {Version 17.3.0},
 number = {29.594},
 title = {{5G System; Spending Limit Control Service; Stage 3}},
 type = {Technical Specification (TS)},
 url = {http://www.3gpp.org/DynaReport/29594.htm},
 year = {2022}
}

@techreport{3gpp.31.101,
 author = {3GPP},
 institution = {{3rd Generation Partnership Project (3GPP)}},
 note = {Version 17.0.0},
 number = {31.101},
 title = {{UICC-terminal interface; Physical and logical characteristics}},
 type = {Technical Specification (TS)},
 url = {http://www.3gpp.org/DynaReport/31101.htm}
}

@techreport{3gpp.31.102,
 author = {3GPP},
 institution = {{3rd Generation Partnership Project (3GPP)}},
 note = {Version 17.5.0},
 number = {31.102},
 title = {{Characteristics of the Universal Subscriber Identity Module (USIM) application}},
 type = {Technical Specification (TS)},
 url = {http://www.3gpp.org/DynaReport/31102.htm}
}

@techreport{3gpp.31.103,
 author = {3GPP},
 day = {6},
 institution = {{3rd Generation Partnership Project (3GPP)}},
 month = {4},
 note = {Version 17.0.0},
 number = {31.103},
 title = {{Characteristics of the IP Multimedia Services Identity Module (ISIM) application}},
 type = {Technical Specification (TS)},
 url = {http://www.3gpp.org/DynaReport/31103.htm},
 year = {2021}
}

@techreport{3gpp.31.111,
 author = {3GPP},
 institution = {{3rd Generation Partnership Project (3GPP)}},
 note = {Version 17.3.0},
 number = {31.111},
 title = {{Universal Subscriber Identity Module (USIM) Application Toolkit (USAT)}},
 type = {Technical Specification (TS)},
 url = {http://www.3gpp.org/DynaReport/31111.htm}
}

@techreport{3gpp.31.121,
 author = {3GPP},
 institution = {{3rd Generation Partnership Project (3GPP)}},
 note = {Version 16.7.0},
 number = {31.121},
 title = {{UICC-terminal interface; Universal Subscriber Identity Module (USIM) application test specification}},
 type = {Technical Specification (TS)},
 url = {http://www.3gpp.org/DynaReport/31121.htm}
}

@techreport{3gpp.31.124,
 author = {3GPP},
 institution = {{3rd Generation Partnership Project (3GPP)}},
 note = {Version 16.7.0},
 number = {31.124},
 title = {{Mobile Equipment (ME) conformance test specification; Universal Subscriber Identity Module Application Toolkit (USAT) conformance test specification}},
 type = {Technical Specification (TS)},
 url = {http://www.3gpp.org/DynaReport/31124.htm}
}

@techreport{3gpp.31.130,
 author = {3GPP},
 institution = {{3rd Generation Partnership Project (3GPP)}},
 note = {Version 17.0.0},
 number = {31.130},
 title = {{(U)SIM Application Programming Interface (API); (U)SIM API for Java™ Card}},
 type = {Technical Specification (TS)},
 url = {http://www.3gpp.org/DynaReport/31130.htm}
}

@techreport{3gpp.32.158,
 author = {3GPP},
 day = {23},
 institution = {{3rd Generation Partnership Project (3GPP)}},
 month = {12},
 note = {Version 16.5.0},
 number = {32.158},
 title = {{Management and orchestration;Design rules for REpresentational State Transfer (REST) Solution Sets (SS)}},
 type = {Technical Specification (TS)},
 url = {http://www.3gpp.org/DynaReport/32158.htm},
 year = {2021}
}

@techreport{3gpp.32.159,
 author = {3GPP},
 day = {30},
 institution = {{3rd Generation Partnership Project (3GPP)}},
 month = {3},
 note = {Version 0.0.0},
 number = {32.159},
 title = {{TS template for stage 2 and stage 3 of management service definitions}},
 type = {Technical Specification (TS)},
 url = {http://www.3gpp.org/DynaReport/32159.htm},
 year = {2018}
}

@techreport{3gpp.32.254,
 author = {3GPP},
 day = {24},
 institution = {{3rd Generation Partnership Project (3GPP)}},
 month = {6},
 note = {Version 17.0.0},
 number = {32.254},
 title = {{Telecommunication management; Charging management; Exposure function Northbound Application Program Interfaces (APIs) charging}},
 type = {Technical Specification (TS)},
 url = {http://www.3gpp.org/DynaReport/32254.htm},
 year = {2021}
}

@techreport{3gpp.32.255,
 author = {3GPP},
 day = {22},
 institution = {{3rd Generation Partnership Project (3GPP)}},
 month = {3},
 note = {Version 17.5.0},
 number = {32.255},
 title = {{Telecommunication management; Charging management; 5G data connectivity domain charging; Stage 2}},
 type = {Technical Specification (TS)},
 url = {http://www.3gpp.org/DynaReport/32255.htm},
 year = {2022}
}

@techreport{3gpp.32.256,
 author = {3GPP},
 day = {6},
 institution = {{3rd Generation Partnership Project (3GPP)}},
 month = {4},
 note = {Version 16.2.0},
 number = {32.256},
 title = {{Charging management; 5G connection and mobility domain charging; Stage 2}},
 type = {Technical Specification (TS)},
 url = {http://www.3gpp.org/DynaReport/32256.htm},
 year = {2021}
}

@techreport{3gpp.32.290,
 author = {3GPP},
 day = {23},
 institution = {{3rd Generation Partnership Project (3GPP)}},
 month = {12},
 note = {Version 17.4.0},
 number = {32.290},
 title = {{Telecommunication management; Charging management; 5G system; Services, operations and procedures of charging using Service Based Interface (SBI)}},
 type = {Technical Specification (TS)},
 url = {http://www.3gpp.org/DynaReport/32290.htm},
 year = {2021}
}

@techreport{3gpp.32.291,
 author = {3GPP},
 day = {22},
 institution = {{3rd Generation Partnership Project (3GPP)}},
 month = {3},
 note = {Version 17.2.0},
 number = {32.291},
 title = {{Telecommunication management; Charging management; 5G system, charging service; Stage 3}},
 type = {Technical Specification (TS)},
 url = {http://www.3gpp.org/DynaReport/32291.htm},
 year = {2022}
}

@techreport{3gpp.32.401,
 author = {3GPP},
 day = {10},
 institution = {{3rd Generation Partnership Project (3GPP)}},
 month = {7},
 note = {Version 16.0.0},
 number = {32.401},
 title = {{Telecommunication management;Performance Management (PM);Concept and requirements}},
 type = {Technical Specification (TS)},
 url = {http://www.3gpp.org/DynaReport/32401.htm},
 year = {2020}
}

@techreport{3gpp.33.102,
 author = {3GPP},
 day = {24},
 institution = {{3rd Generation Partnership Project (3GPP)}},
 month = {3},
 note = {Version 17.0.0},
 number = {33.102},
 title = {{3G security; Security architecture}},
 type = {Technical Specification (TS)},
 url = {http://www.3gpp.org/DynaReport/33102.htm},
 year = {2022}
}

@techreport{3gpp.33.117,
 author = {3GPP},
 day = {25},
 institution = {{3rd Generation Partnership Project (3GPP)}},
 month = {6},
 note = {Version 17.0.0},
 number = {33.117},
 title = {{Catalogue of general security assurance requirements }},
 type = {Technical Specification (TS)},
 url = {http://www.3gpp.org/DynaReport/33117.htm},
 year = {2021}
}

@techreport{3gpp.33.122,
 author = {3GPP},
 day = {10},
 institution = {{3rd Generation Partnership Project (3GPP)}},
 month = {7},
 note = {Version 16.3.0},
 number = {33.122},
 title = {{Security aspects of Common API Framework (CAPIF) for 3GPP northbound APIs}},
 type = {Technical Specification (TS)},
 url = {http://www.3gpp.org/DynaReport/33122.htm},
 year = {2020}
}

@techreport{3gpp.33.126,
 author = {3GPP},
 day = {24},
 institution = {{3rd Generation Partnership Project (3GPP)}},
 month = {3},
 note = {Version 17.2.0},
 number = {33.126},
 title = {{Lawful Interception requirements}},
 type = {Technical Specification (TS)},
 url = {http://www.3gpp.org/DynaReport/33126.htm},
 year = {2022}
}

@techreport{3gpp.33.127,
 author = {3GPP},
 day = {24},
 institution = {{3rd Generation Partnership Project (3GPP)}},
 month = {3},
 note = {Version 17.4.0},
 number = {33.127},
 title = {{Lawful Interception (LI) architecture and functions}},
 type = {Technical Specification (TS)},
 url = {http://www.3gpp.org/DynaReport/33127.htm},
 year = {2022}
}

@techreport{3gpp.33.128,
 author = {3GPP},
 day = {24},
 institution = {{3rd Generation Partnership Project (3GPP)}},
 month = {3},
 note = {Version 17.4.0},
 number = {33.128},
 title = {{Security; Protocol and procedures for Lawful Interception (LI); Stage 3}},
 type = {Technical Specification (TS)},
 url = {http://www.3gpp.org/DynaReport/33128.htm},
 year = {2022}
}

@techreport{3gpp.33.163,
 author = {3GPP},
 day = {23},
 institution = {{3rd Generation Partnership Project (3GPP)}},
 month = {12},
 note = {Version 17.0.0},
 number = {33.163},
 title = {{Battery Efficient Security for very low throughput Machine Type Communication (MTC) devices (BEST)}},
 type = {Technical Specification (TS)},
 url = {http://www.3gpp.org/DynaReport/33163.htm},
 year = {2021}
}

@techreport{3gpp.33.185,
 author = {3GPP},
 day = {10},
 institution = {{3rd Generation Partnership Project (3GPP)}},
 month = {7},
 note = {Version 16.0.0},
 number = {33.185},
 title = {{Security aspect for LTE support of Vehicle-to-Everything (V2X) services}},
 type = {Technical Specification (TS)},
 url = {http://www.3gpp.org/DynaReport/33185.htm},
 year = {2020}
}

@techreport{3gpp.33.210,
 author = {3GPP},
 day = {23},
 institution = {{3rd Generation Partnership Project (3GPP)}},
 month = {12},
 note = {Version 17.0.0},
 number = {33.210},
 title = {{Network Domain Security (NDS); IP network layer security}},
 type = {Technical Specification (TS)},
 url = {http://www.3gpp.org/DynaReport/33210.htm},
 year = {2021}
}

@techreport{3gpp.33.220,
 author = {3GPP},
 day = {23},
 institution = {{3rd Generation Partnership Project (3GPP)}},
 month = {12},
 note = {Version 17.2.0},
 number = {33.220},
 title = {{Generic Authentication Architecture (GAA); Generic Bootstrapping Architecture (GBA)}},
 type = {Technical Specification (TS)},
 url = {http://www.3gpp.org/DynaReport/33220.htm},
 year = {2021}
}

@techreport{3gpp.33.310,
 author = {3GPP},
 day = {24},
 institution = {{3rd Generation Partnership Project (3GPP)}},
 month = {3},
 note = {Version 17.2.0},
 number = {33.310},
 title = {{Network Domain Security (NDS); Authentication Framework (AF)}},
 type = {Technical Specification (TS)},
 url = {http://www.3gpp.org/DynaReport/33310.htm},
 year = {2022}
}

@techreport{3gpp.33.501,
 author = {3GPP},
 day = {24},
 institution = {{3rd Generation Partnership Project (3GPP)}},
 month = {3},
 note = {Version 17.5.0},
 number = {33.501},
 title = {{Security architecture and procedures for 5G System}},
 type = {Technical Specification (TS)},
 url = {http://www.3gpp.org/DynaReport/33501.htm},
 year = {2022}
}

@techreport{3gpp.34.229-2,
 author = {3GPP},
 day = {23},
 institution = {{3rd Generation Partnership Project (3GPP)}},
 month = {12},
 note = {Version 16.1.0},
 number = {34.229-2},
 title = {{Internet Protocol (IP) multimedia call control protocol based on Session Initiation Protocol (SIP) and Session Description Protocol (SDP); User Equipment (UE) conformance specification; Part 2: Implementation Conformance Statement (ICS) specification}},
 type = {Technical Specification (TS)},
 url = {http://www.3gpp.org/DynaReport/34229-2.htm},
 year = {2021}
}

@techreport{3gpp.34.229-3,
 author = {3GPP},
 day = {23},
 institution = {{3rd Generation Partnership Project (3GPP)}},
 month = {12},
 note = {Version 16.4.0},
 number = {34.229-3},
 title = {{Internet Protocol (IP) multimedia call control protocol based on Session Initiation Protocol (SIP) and Session Description Protocol (SDP); User Equipment (UE) conformance specification; Part 3: Abstract test suite (ATS)}},
 type = {Technical Specification (TS)},
 url = {http://www.3gpp.org/DynaReport/34229-3.htm},
 year = {2021}
}

@techreport{3gpp.34.229-5,
 author = {3GPP},
 day = {23},
 institution = {{3rd Generation Partnership Project (3GPP)}},
 month = {12},
 note = {Version 16.1.0},
 number = {34.229-5},
 title = {{Internet Protocol (IP) multimedia call control protocol based on Session Initiation Protocol (SIP) and Session Description Protocol (SDP); User Equipment (UE) conformance specification; Part 5: Protocol conformance specification using 5G System (5GS)}},
 type = {Technical Specification (TS)},
 url = {http://www.3gpp.org/DynaReport/34229-5.htm},
 year = {2021}
}

@techreport{3gpp.37.104,
 author = {3GPP},
 day = {11},
 institution = {{3rd Generation Partnership Project (3GPP)}},
 month = {1},
 note = {Version 17.4.0},
 number = {37.104},
 title = {{NR, E-UTRA, UTRA and GSM/EDGE; Multi-Standard Radio (MSR) Base Station (BS) radio transmission and reception}},
 type = {Technical Specification (TS)},
 url = {http://www.3gpp.org/DynaReport/37104.htm},
 year = {2022}
}

@techreport{3gpp.37.105,
 author = {3GPP},
 day = {11},
 institution = {{3rd Generation Partnership Project (3GPP)}},
 month = {1},
 note = {Version 17.4.0},
 number = {37.105},
 title = {{Active Antenna System (AAS) Base Station (BS) transmission and reception}},
 type = {Technical Specification (TS)},
 url = {http://www.3gpp.org/DynaReport/37105.htm},
 year = {2022}
}

@techreport{3gpp.37.113,
 author = {3GPP},
 day = {7},
 institution = {{3rd Generation Partnership Project (3GPP)}},
 month = {7},
 note = {Version 16.2.0},
 number = {37.113},
 title = {{NR, E-UTRA, UTRA and GSM/EDGE; Multi-Standard Radio (MSR) Base Station (BS) Electromagnetic Compatibility (EMC)}},
 type = {Technical Specification (TS)},
 url = {http://www.3gpp.org/DynaReport/37113.htm},
 year = {2021}
}

@techreport{3gpp.37.141,
 author = {3GPP},
 day = {11},
 institution = {{3rd Generation Partnership Project (3GPP)}},
 month = {1},
 note = {Version 17.4.0},
 number = {37.141},
 title = {{NR, E-UTRA, UTRA and GSM/EDGE; Multi-Standard Radio (MSR) Base Station (BS) conformance testing}},
 type = {Technical Specification (TS)},
 url = {http://www.3gpp.org/DynaReport/37141.htm},
 year = {2022}
}

@techreport{3gpp.37.145-1,
 author = {3GPP},
 day = {11},
 institution = {{3rd Generation Partnership Project (3GPP)}},
 month = {1},
 note = {Version 17.4.0},
 number = {37.145-1},
 title = {{Active Antenna System (AAS) Base Station (BS) conformance testing;  Part 1: conducted conformance testing}},
 type = {Technical Specification (TS)},
 url = {http://www.3gpp.org/DynaReport/37145-1.htm},
 year = {2022}
}

@techreport{3gpp.37.145-2,
 author = {3GPP},
 day = {11},
 institution = {{3rd Generation Partnership Project (3GPP)}},
 month = {1},
 note = {Version 17.4.0},
 number = {37.145-2},
 title = {{Active Antenna System (AAS) Base Station (BS) conformance testing;  Part 2: radiated conformance testing}},
 type = {Technical Specification (TS)},
 url = {http://www.3gpp.org/DynaReport/37145-2.htm},
 year = {2022}
}

@techreport{3gpp.37.171,
 author = {3GPP},
 day = {5},
 institution = {{3rd Generation Partnership Project (3GPP)}},
 month = {10},
 note = {Version 16.1.0},
 number = {37.171},
 title = {{Universal Terrestrial Radio Access (UTRA) and Evolved UTRA (E-UTRA); User Equipment (UE) performance requirements for Radio Access Technology (RAT) Independent Positioning Enhancements}},
 type = {Technical Specification (TS)},
 url = {http://www.3gpp.org/DynaReport/37171.htm},
 year = {2020}
}

@techreport{3gpp.37.213,
 author = {3GPP},
 day = {5},
 institution = {{3rd Generation Partnership Project (3GPP)}},
 month = {1},
 note = {Version 17.0.0},
 number = {37.213},
 title = {{Physical layer procedures for shared spectrum channel access}},
 type = {Technical Specification (TS)},
 url = {http://www.3gpp.org/DynaReport/37213.htm},
 year = {2022}
}

@techreport{3gpp.37.320,
 author = {3GPP},
 day = {23},
 institution = {{3rd Generation Partnership Project (3GPP)}},
 month = {12},
 note = {Version 16.7.0},
 number = {37.320},
 title = {{Radio measurement collection for Minimization of Drive Tests (MDT); Overall description; Stage 2}},
 type = {Technical Specification (TS)},
 url = {http://www.3gpp.org/DynaReport/37320.htm},
 year = {2021}
}

@techreport{3gpp.37.324,
 author = {3GPP},
 day = {6},
 institution = {{3rd Generation Partnership Project (3GPP)}},
 month = {7},
 note = {Version 16.3.0},
 number = {37.324},
 title = {{Evolved Universal Terrestrial Radio Access (E-UTRA) and NR; Service Data Adaptation Protocol (SDAP) specification}},
 type = {Technical Specification (TS)},
 url = {http://www.3gpp.org/DynaReport/37324.htm},
 year = {2021}
}

@techreport{3gpp.37.340,
 author = {3GPP},
 day = {23},
 institution = {{3rd Generation Partnership Project (3GPP)}},
 month = {12},
 note = {Version 16.8.0},
 number = {37.340},
 title = {{NR; Multi-connectivity; Overall description; Stage-2}},
 type = {Technical Specification (TS)},
 url = {http://www.3gpp.org/DynaReport/37340.htm},
 year = {2021}
}

@techreport{3gpp.37.355,
 author = {3GPP},
 day = {23},
 institution = {{3rd Generation Partnership Project (3GPP)}},
 month = {12},
 note = {Version 16.7.0},
 number = {37.355},
 title = {{LTE Positioning Protocol (LPP)}},
 type = {Technical Specification (TS)},
 url = {http://www.3gpp.org/DynaReport/37355.htm},
 year = {2021}
}

@techreport{3gpp.37.460,
 author = {3GPP},
 day = {17},
 institution = {{3rd Generation Partnership Project (3GPP)}},
 month = {7},
 note = {Version 16.0.0},
 number = {37.460},
 title = {{Iuant interface: General aspects and principles}},
 type = {Technical Specification (TS)},
 url = {http://www.3gpp.org/DynaReport/37460.htm},
 year = {2020}
}

@techreport{3gpp.37.461,
 author = {3GPP},
 day = {17},
 institution = {{3rd Generation Partnership Project (3GPP)}},
 month = {7},
 note = {Version 16.0.0},
 number = {37.461},
 title = {{Iuant interface: Layer 1}},
 type = {Technical Specification (TS)},
 url = {http://www.3gpp.org/DynaReport/37461.htm},
 year = {2020}
}

@techreport{3gpp.37.462,
 author = {3GPP},
 day = {20},
 institution = {{3rd Generation Partnership Project (3GPP)}},
 month = {7},
 note = {Version 16.0.0},
 number = {37.462},
 title = {{Iuant interface: Signalling transport}},
 type = {Technical Specification (TS)},
 url = {http://www.3gpp.org/DynaReport/37462.htm},
 year = {2020}
}

@techreport{3gpp.37.466,
 author = {3GPP},
 day = {28},
 institution = {{3rd Generation Partnership Project (3GPP)}},
 month = {7},
 note = {Version 16.0.0},
 number = {37.466},
 title = {{Iuant interface: Application part}},
 type = {Technical Specification (TS)},
 url = {http://www.3gpp.org/DynaReport/37466.htm},
 year = {2020}
}

@techreport{3gpp.37.470,
 author = {3GPP},
 day = {17},
 institution = {{3rd Generation Partnership Project (3GPP)}},
 month = {7},
 note = {Version 16.2.0},
 number = {37.470},
 title = {{W1 interface; General aspects and principles}},
 type = {Technical Specification (TS)},
 url = {http://www.3gpp.org/DynaReport/37470.htm},
 year = {2020}
}

@techreport{3gpp.37.471,
 author = {3GPP},
 day = {31},
 institution = {{3rd Generation Partnership Project (3GPP)}},
 month = {3},
 note = {Version 16.1.0},
 number = {37.471},
 title = {{W1 interface; Layer 1}},
 type = {Technical Specification (TS)},
 url = {http://www.3gpp.org/DynaReport/37471.htm},
 year = {2020}
}

@techreport{3gpp.37.472,
 author = {3GPP},
 day = {2},
 institution = {{3rd Generation Partnership Project (3GPP)}},
 month = {10},
 note = {Version 16.2.0},
 number = {37.472},
 title = {{W1 interface; Signalling transport}},
 type = {Technical Specification (TS)},
 url = {http://www.3gpp.org/DynaReport/37472.htm},
 year = {2020}
}

@techreport{3gpp.37.473,
 author = {3GPP},
 day = {23},
 institution = {{3rd Generation Partnership Project (3GPP)}},
 month = {12},
 note = {Version 16.7.0},
 number = {37.473},
 title = {{W1 interface; Application Protocol (W1AP)}},
 type = {Technical Specification (TS)},
 url = {http://www.3gpp.org/DynaReport/37473.htm},
 year = {2021}
}

@techreport{3gpp.37.571-1,
 author = {3GPP},
 day = {19},
 institution = {{3rd Generation Partnership Project (3GPP)}},
 month = {1},
 note = {Version 16.11.0},
 number = {37.571-1},
 title = {{User Equipment (UE) conformance specification for UE positioning; Part 1: Conformance test specification}},
 type = {Technical Specification (TS)},
 url = {http://www.3gpp.org/DynaReport/37571-1.htm},
 year = {2022}
}

@techreport{3gpp.37.571-2,
 author = {3GPP},
 day = {3},
 institution = {{3rd Generation Partnership Project (3GPP)}},
 month = {1},
 note = {Version 16.10.0},
 number = {37.571-2},
 title = {{User Equipment (UE) conformance specification for UE positioning; Part 2: Protocol conformance}},
 type = {Technical Specification (TS)},
 url = {http://www.3gpp.org/DynaReport/37571-2.htm},
 year = {2022}
}

@techreport{3gpp.37.571-3,
 author = {3GPP},
 day = {3},
 institution = {{3rd Generation Partnership Project (3GPP)}},
 month = {1},
 note = {Version 16.10.0},
 number = {37.571-3},
 title = {{User Equipment (UE) conformance specification for UE positioning; Part 3: Implementation Conformance Statement (ICS)}},
 type = {Technical Specification (TS)},
 url = {http://www.3gpp.org/DynaReport/37571-3.htm},
 year = {2022}
}

@techreport{3gpp.37.571-4,
 author = {3GPP},
 day = {3},
 institution = {{3rd Generation Partnership Project (3GPP)}},
 month = {1},
 note = {Version 16.4.0},
 number = {37.571-4},
 title = {{User Equipment (UE) conformance specification for UE positioning; Part 4: Test suites}},
 type = {Technical Specification (TS)},
 url = {http://www.3gpp.org/DynaReport/37571-4.htm},
 year = {2022}
}

@techreport{3gpp.37.571-5,
 author = {3GPP},
 day = {3},
 institution = {{3rd Generation Partnership Project (3GPP)}},
 month = {1},
 note = {Version 16.7.0},
 number = {37.571-5},
 title = {{User Equipment (UE) conformance specification for UE positioning; Part 5: Test scenarios and assistance data}},
 type = {Technical Specification (TS)},
 url = {http://www.3gpp.org/DynaReport/37571-5.htm},
 year = {2022}
}

@techreport{3gpp.38.101,
 author = {3GPP},
 institution = {{3rd Generation Partnership Project (3GPP)}},
 note = {Version 0.0.1},
 number = {38.101},
 title = {{NR; User Equipment (UE) radio transmission and reception}},
 type = {Technical Specification (TS)},
 url = {http://www.3gpp.org/DynaReport/38101.htm}
}

@techreport{3gpp.38.101-1,
 author = {3GPP},
 day = {12},
 institution = {{3rd Generation Partnership Project (3GPP)}},
 month = {1},
 note = {Version 17.4.0},
 number = {38.101-1},
 title = {{NR; User Equipment (UE) radio transmission and reception; Part 1: Range 1 Standalone}},
 type = {Technical Specification (TS)},
 url = {http://www.3gpp.org/DynaReport/38101-1.htm},
 year = {2022}
}

@techreport{3gpp.38.101-2,
 author = {3GPP},
 day = {11},
 institution = {{3rd Generation Partnership Project (3GPP)}},
 month = {1},
 note = {Version 17.4.0},
 number = {38.101-2},
 title = {{NR; User Equipment (UE) radio transmission and reception; Part 2: Range 2 Standalone}},
 type = {Technical Specification (TS)},
 url = {http://www.3gpp.org/DynaReport/38101-2.htm},
 year = {2022}
}

@techreport{3gpp.38.101-3,
 author = {3GPP},
 day = {12},
 institution = {{3rd Generation Partnership Project (3GPP)}},
 month = {1},
 note = {Version 17.4.0},
 number = {38.101-3},
 title = {{NR; User Equipment (UE) radio transmission and reception; Part 3: Range 1 and Range 2 Interworking operation with other radios}},
 type = {Technical Specification (TS)},
 url = {http://www.3gpp.org/DynaReport/38101-3.htm},
 year = {2022}
}

@techreport{3gpp.38.101-4,
 author = {3GPP},
 day = {11},
 institution = {{3rd Generation Partnership Project (3GPP)}},
 month = {1},
 note = {Version 17.3.0},
 number = {38.101-4},
 title = {{NR; User Equipment (UE) radio transmission and reception; Part 4: Performance requirements}},
 type = {Technical Specification (TS)},
 url = {http://www.3gpp.org/DynaReport/38101-4.htm},
 year = {2022}
}

@techreport{3gpp.38.104,
 author = {3GPP},
 day = {11},
 institution = {{3rd Generation Partnership Project (3GPP)}},
 month = {1},
 note = {Version 17.4.0},
 number = {38.104},
 title = {{NR; Base Station (BS) radio transmission and reception}},
 type = {Technical Specification (TS)},
 url = {http://www.3gpp.org/DynaReport/38104.htm},
 year = {2022}
}

@techreport{3gpp.38.113,
 author = {3GPP},
 day = {1},
 institution = {{3rd Generation Partnership Project (3GPP)}},
 month = {10},
 note = {Version 16.5.0},
 number = {38.113},
 title = {{NR; Base Station (BS) ElectroMagnetic Compatibility (EMC)}},
 type = {Technical Specification (TS)},
 url = {http://www.3gpp.org/DynaReport/38113.htm},
 year = {2021}
}

@techreport{3gpp.38.124,
 author = {3GPP},
 day = {1},
 institution = {{3rd Generation Partnership Project (3GPP)}},
 month = {10},
 note = {Version 16.4.0},
 number = {38.124},
 title = {{NR; Electromagnetic compatibility (EMC) requirements for mobile terminals and ancillary equipment}},
 type = {Technical Specification (TS)},
 url = {http://www.3gpp.org/DynaReport/38124.htm},
 year = {2021}
}

@techreport{3gpp.38.133,
 author = {3GPP},
 day = {11},
 institution = {{3rd Generation Partnership Project (3GPP)}},
 month = {1},
 note = {Version 17.4.0},
 number = {38.133},
 title = {{NR; Requirements for support of radio resource management}},
 type = {Technical Specification (TS)},
 url = {http://www.3gpp.org/DynaReport/38133.htm},
 year = {2022}
}

@techreport{3gpp.38.141,
 author = {3GPP},
 day = {11},
 institution = {{3rd Generation Partnership Project (3GPP)}},
 month = {8},
 note = {Version 0.0.3},
 number = {38.141},
 title = {{NR; Base Station (BS) conformance testing}},
 type = {Technical Specification (TS)},
 url = {http://www.3gpp.org/DynaReport/38141.htm},
 year = {2017}
}

@techreport{3gpp.38.141-1,
 author = {3GPP},
 day = {11},
 institution = {{3rd Generation Partnership Project (3GPP)}},
 month = {1},
 note = {Version 17.4.0},
 number = {38.141-1},
 title = {{NR; Base Station (BS) conformance testing Part 1: Conducted conformance testing}},
 type = {Technical Specification (TS)},
 url = {http://www.3gpp.org/DynaReport/38141-1.htm},
 year = {2022}
}

@techreport{3gpp.38.141-2,
 author = {3GPP},
 day = {11},
 institution = {{3rd Generation Partnership Project (3GPP)}},
 month = {1},
 note = {Version 17.4.0},
 number = {38.141-2},
 title = {{NR; Base Station (BS) conformance testing Part 2: Radiated conformance testing}},
 type = {Technical Specification (TS)},
 url = {http://www.3gpp.org/DynaReport/38141-2.htm},
 year = {2022}
}

@techreport{3gpp.38.171,
 author = {3GPP},
 day = {11},
 institution = {{3rd Generation Partnership Project (3GPP)}},
 month = {1},
 note = {Version 16.3.0},
 number = {38.171},
 title = {{NR; Requirements for support of Assisted Global Navigation Satellite System (A-GNSS)}},
 type = {Technical Specification (TS)},
 url = {http://www.3gpp.org/DynaReport/38171.htm},
 year = {2022}
}

@techreport{3gpp.38.201,
 author = {3GPP},
 day = {5},
 institution = {{3rd Generation Partnership Project (3GPP)}},
 month = {1},
 note = {Version 17.0.0},
 number = {38.201},
 title = {{NR; Physical layer; General description}},
 type = {Technical Specification (TS)},
 url = {http://www.3gpp.org/DynaReport/38201.htm},
 year = {2022}
}

@techreport{3gpp.38.202,
 author = {3GPP},
 day = {5},
 institution = {{3rd Generation Partnership Project (3GPP)}},
 month = {1},
 note = {Version 17.0.0},
 number = {38.202},
 title = {{NR; Services provided by the physical layer}},
 type = {Technical Specification (TS)},
 url = {http://www.3gpp.org/DynaReport/38202.htm},
 year = {2022}
}

@techreport{3gpp.38.211,
 author = {3GPP},
 day = {5},
 institution = {{3rd Generation Partnership Project (3GPP)}},
 month = {1},
 note = {Version 17.0.0},
 number = {38.211},
 title = {{NR; Physical channels and modulation}},
 type = {Technical Specification (TS)},
 url = {http://www.3gpp.org/DynaReport/38211.htm},
 year = {2022}
}

@techreport{3gpp.38.212,
 author = {3GPP},
 day = {5},
 institution = {{3rd Generation Partnership Project (3GPP)}},
 month = {1},
 note = {Version 17.0.0},
 number = {38.212},
 title = {{NR; Multiplexing and channel coding}},
 type = {Technical Specification (TS)},
 url = {http://www.3gpp.org/DynaReport/38212.htm},
 year = {2022}
}

@techreport{3gpp.38.213,
 author = {3GPP},
 day = {5},
 institution = {{3rd Generation Partnership Project (3GPP)}},
 month = {1},
 note = {Version 17.0.0},
 number = {38.213},
 title = {{NR; Physical layer procedures for control}},
 type = {Technical Specification (TS)},
 url = {http://www.3gpp.org/DynaReport/38213.htm},
 year = {2022}
}

@techreport{3gpp.38.214,
 author = {3GPP},
 day = {5},
 institution = {{3rd Generation Partnership Project (3GPP)}},
 month = {1},
 note = {Version 17.0.0},
 number = {38.214},
 title = {{NR; Physical layer procedures for data}},
 type = {Technical Specification (TS)},
 url = {http://www.3gpp.org/DynaReport/38214.htm},
 year = {2022}
}

@techreport{3gpp.38.215,
 author = {3GPP},
 day = {5},
 institution = {{3rd Generation Partnership Project (3GPP)}},
 month = {1},
 note = {Version 17.0.0},
 number = {38.215},
 title = {{NR; Physical layer measurements}},
 type = {Technical Specification (TS)},
 url = {http://www.3gpp.org/DynaReport/38215.htm},
 year = {2022}
}

@techreport{3gpp.38.300,
 author = {3GPP},
 day = {23},
 institution = {{3rd Generation Partnership Project (3GPP)}},
 month = {12},
 note = {Version 16.8.0},
 number = {38.300},
 title = {{NR; NR and NG-RAN Overall description; Stage-2}},
 type = {Technical Specification (TS)},
 url = {http://www.3gpp.org/DynaReport/38300.htm},
 year = {2021}
}

@techreport{3gpp.38.304,
 author = {3GPP},
 day = {23},
 institution = {{3rd Generation Partnership Project (3GPP)}},
 month = {12},
 note = {Version 16.7.0},
 number = {38.304},
 title = {{NR; User Equipment (UE) procedures in idle mode and in RRC Inactive state}},
 type = {Technical Specification (TS)},
 url = {http://www.3gpp.org/DynaReport/38304.htm},
 year = {2021}
}

@techreport{3gpp.38.305,
 author = {3GPP},
 day = {23},
 institution = {{3rd Generation Partnership Project (3GPP)}},
 month = {12},
 note = {Version 16.7.0},
 number = {38.305},
 title = {{NG Radio Access Network (NG-RAN); Stage 2 functional specification of User Equipment (UE) positioning in NG-RAN}},
 type = {Technical Specification (TS)},
 url = {http://www.3gpp.org/DynaReport/38305.htm},
 year = {2021}
}

@techreport{3gpp.38.306,
 author = {3GPP},
 day = {23},
 institution = {{3rd Generation Partnership Project (3GPP)}},
 month = {12},
 note = {Version 16.7.0},
 number = {38.306},
 title = {{NR; User Equipment (UE) radio access capabilities}},
 type = {Technical Specification (TS)},
 url = {http://www.3gpp.org/DynaReport/38306.htm},
 year = {2021}
}

@techreport{3gpp.38.307,
 author = {3GPP},
 day = {11},
 institution = {{3rd Generation Partnership Project (3GPP)}},
 month = {1},
 note = {Version 17.4.0},
 number = {38.307},
 title = {{NR; Requirements on User Equipments (UEs) supporting a release-independent frequency band}},
 type = {Technical Specification (TS)},
 url = {http://www.3gpp.org/DynaReport/38307.htm},
 year = {2022}
}

@techreport{3gpp.38.321,
 author = {3GPP},
 day = {23},
 institution = {{3rd Generation Partnership Project (3GPP)}},
 month = {12},
 note = {Version 16.7.0},
 number = {38.321},
 title = {{NR; Medium Access Control (MAC) protocol specification}},
 type = {Technical Specification (TS)},
 url = {http://www.3gpp.org/DynaReport/38321.htm},
 year = {2021}
}

@techreport{3gpp.38.322,
 author = {3GPP},
 day = {6},
 institution = {{3rd Generation Partnership Project (3GPP)}},
 month = {1},
 note = {Version 16.2.0},
 number = {38.322},
 title = {{NR; Radio Link Control (RLC) protocol specification}},
 type = {Technical Specification (TS)},
 url = {http://www.3gpp.org/DynaReport/38322.htm},
 year = {2021}
}

@techreport{3gpp.38.323,
 author = {3GPP},
 day = {23},
 institution = {{3rd Generation Partnership Project (3GPP)}},
 month = {12},
 note = {Version 16.6.0},
 number = {38.323},
 title = {{NR; Packet Data Convergence Protocol (PDCP) specification}},
 type = {Technical Specification (TS)},
 url = {http://www.3gpp.org/DynaReport/38323.htm},
 year = {2021}
}

@techreport{3gpp.38.331,
 author = {3GPP},
 day = {23},
 institution = {{3rd Generation Partnership Project (3GPP)}},
 month = {12},
 note = {Version 16.7.0},
 number = {38.331},
 title = {{NR; Radio Resource Control (RRC); Protocol specification}},
 type = {Technical Specification (TS)},
 url = {http://www.3gpp.org/DynaReport/38331.htm},
 year = {2021}
}

@techreport{3gpp.38.401,
 author = {3GPP},
 day = {23},
 institution = {{3rd Generation Partnership Project (3GPP)}},
 month = {12},
 note = {Version 16.8.0},
 number = {38.401},
 title = {{NG-RAN; Architecture description}},
 type = {Technical Specification (TS)},
 url = {http://www.3gpp.org/DynaReport/38401.htm},
 year = {2021}
}

@techreport{3gpp.38.410,
 author = {3GPP},
 day = {1},
 institution = {{3rd Generation Partnership Project (3GPP)}},
 month = {10},
 note = {Version 16.4.0},
 number = {38.410},
 title = {{NG-RAN; NG general aspects and principles}},
 type = {Technical Specification (TS)},
 url = {http://www.3gpp.org/DynaReport/38410.htm},
 year = {2021}
}

@techreport{3gpp.38.411,
 author = {3GPP},
 day = {16},
 institution = {{3rd Generation Partnership Project (3GPP)}},
 month = {7},
 note = {Version 16.0.0},
 number = {38.411},
 title = {{NG-RAN; NG layer 1}},
 type = {Technical Specification (TS)},
 url = {http://www.3gpp.org/DynaReport/38411.htm},
 year = {2020}
}

@techreport{3gpp.38.412,
 author = {3GPP},
 day = {2},
 institution = {{3rd Generation Partnership Project (3GPP)}},
 month = {10},
 note = {Version 16.1.0},
 number = {38.412},
 title = {{NG-RAN; NG signalling transport}},
 type = {Technical Specification (TS)},
 url = {http://www.3gpp.org/DynaReport/38412.htm},
 year = {2020}
}

@techreport{3gpp.38.413,
 author = {3GPP},
 day = {23},
 institution = {{3rd Generation Partnership Project (3GPP)}},
 month = {12},
 note = {Version 16.8.0},
 number = {38.413},
 title = {{NG-RAN; NG Application Protocol (NGAP)}},
 type = {Technical Specification (TS)},
 url = {http://www.3gpp.org/DynaReport/38413.htm},
 year = {2021}
}

@techreport{3gpp.38.414,
 author = {3GPP},
 day = {17},
 institution = {{3rd Generation Partnership Project (3GPP)}},
 month = {7},
 note = {Version 16.0.0},
 number = {38.414},
 title = {{NG-RAN; NG data transport}},
 type = {Technical Specification (TS)},
 url = {http://www.3gpp.org/DynaReport/38414.htm},
 year = {2020}
}

@techreport{3gpp.38.415,
 author = {3GPP},
 day = {23},
 institution = {{3rd Generation Partnership Project (3GPP)}},
 month = {12},
 note = {Version 16.6.0},
 number = {38.415},
 title = {{NG-RAN; PDU session user plane protocol}},
 type = {Technical Specification (TS)},
 url = {http://www.3gpp.org/DynaReport/38415.htm},
 year = {2021}
}

@techreport{3gpp.38.420,
 author = {3GPP},
 day = {16},
 institution = {{3rd Generation Partnership Project (3GPP)}},
 month = {7},
 note = {Version 16.0.0},
 number = {38.420},
 title = {{NG-RAN; Xn general aspects and principles}},
 type = {Technical Specification (TS)},
 url = {http://www.3gpp.org/DynaReport/38420.htm},
 year = {2020}
}

@techreport{3gpp.38.421,
 author = {3GPP},
 day = {16},
 institution = {{3rd Generation Partnership Project (3GPP)}},
 month = {7},
 note = {Version 16.0.0},
 number = {38.421},
 title = {{NG-RAN; Xn layer 1}},
 type = {Technical Specification (TS)},
 url = {http://www.3gpp.org/DynaReport/38421.htm},
 year = {2020}
}

@techreport{3gpp.38.422,
 author = {3GPP},
 day = {1},
 institution = {{3rd Generation Partnership Project (3GPP)}},
 month = {4},
 note = {Version 16.0.0},
 number = {38.422},
 title = {{NG-RAN; Xn signalling transport}},
 type = {Technical Specification (TS)},
 url = {http://www.3gpp.org/DynaReport/38422.htm},
 year = {2020}
}

@techreport{3gpp.38.423,
 author = {3GPP},
 day = {23},
 institution = {{3rd Generation Partnership Project (3GPP)}},
 month = {12},
 note = {Version 16.8.0},
 number = {38.423},
 title = {{NG-RAN; Xn Application Protocol (XnAP)}},
 type = {Technical Specification (TS)},
 url = {http://www.3gpp.org/DynaReport/38423.htm},
 year = {2021}
}

@techreport{3gpp.38.424,
 author = {3GPP},
 day = {16},
 institution = {{3rd Generation Partnership Project (3GPP)}},
 month = {7},
 note = {Version 16.0.0},
 number = {38.424},
 title = {{NG-RAN; Xn data transport}},
 type = {Technical Specification (TS)},
 url = {http://www.3gpp.org/DynaReport/38424.htm},
 year = {2020}
}

@techreport{3gpp.38.425,
 author = {3GPP},
 day = {9},
 institution = {{3rd Generation Partnership Project (3GPP)}},
 month = {4},
 note = {Version 16.3.0},
 number = {38.425},
 title = {{NG-RAN; NR user plane protocol}},
 type = {Technical Specification (TS)},
 url = {http://www.3gpp.org/DynaReport/38425.htm},
 year = {2021}
}

@techreport{3gpp.38.455,
 author = {3GPP},
 day = {23},
 institution = {{3rd Generation Partnership Project (3GPP)}},
 month = {12},
 note = {Version 16.6.0},
 number = {38.455},
 title = {{NG-RAN; NR Positioning Protocol A (NRPPa)}},
 type = {Technical Specification (TS)},
 url = {http://www.3gpp.org/DynaReport/38455.htm},
 year = {2021}
}

@techreport{3gpp.38.460,
 author = {3GPP},
 day = {23},
 institution = {{3rd Generation Partnership Project (3GPP)}},
 month = {12},
 note = {Version 16.4.0},
 number = {38.460},
 title = {{NG-RAN; E1 general aspects and principles}},
 type = {Technical Specification (TS)},
 url = {http://www.3gpp.org/DynaReport/38460.htm},
 year = {2021}
}

@techreport{3gpp.38.461,
 author = {3GPP},
 day = {16},
 institution = {{3rd Generation Partnership Project (3GPP)}},
 month = {7},
 note = {Version 16.0.0},
 number = {38.461},
 title = {{NG-RAN; E1 layer 1}},
 type = {Technical Specification (TS)},
 url = {http://www.3gpp.org/DynaReport/38461.htm},
 year = {2020}
}

@techreport{3gpp.38.462,
 author = {3GPP},
 day = {2},
 institution = {{3rd Generation Partnership Project (3GPP)}},
 month = {10},
 note = {Version 16.1.0},
 number = {38.462},
 title = {{NG-RAN; E1 signalling transport}},
 type = {Technical Specification (TS)},
 url = {http://www.3gpp.org/DynaReport/38462.htm},
 year = {2020}
}

@techreport{3gpp.38.463,
 author = {3GPP},
 day = {23},
 institution = {{3rd Generation Partnership Project (3GPP)}},
 month = {12},
 note = {Version 16.8.0},
 number = {38.463},
 title = {{NG-RAN; E1 Application Protocol (E1AP)}},
 type = {Technical Specification (TS)},
 url = {http://www.3gpp.org/DynaReport/38463.htm},
 year = {2021}
}

@techreport{3gpp.38.470,
 author = {3GPP},
 day = {1},
 institution = {{3rd Generation Partnership Project (3GPP)}},
 month = {7},
 note = {Version 16.5.0},
 number = {38.470},
 title = {{NG-RAN; F1 general aspects and principles}},
 type = {Technical Specification (TS)},
 url = {http://www.3gpp.org/DynaReport/38470.htm},
 year = {2021}
}

@techreport{3gpp.38.471,
 author = {3GPP},
 day = {16},
 institution = {{3rd Generation Partnership Project (3GPP)}},
 month = {7},
 note = {Version 16.0.0},
 number = {38.471},
 title = {{NG-RAN; F1 layer 1}},
 type = {Technical Specification (TS)},
 url = {http://www.3gpp.org/DynaReport/38471.htm},
 year = {2020}
}

@techreport{3gpp.38.472,
 author = {3GPP},
 day = {2},
 institution = {{3rd Generation Partnership Project (3GPP)}},
 month = {10},
 note = {Version 16.1.0},
 number = {38.472},
 title = {{NG-RAN; F1 signalling transport}},
 type = {Technical Specification (TS)},
 url = {http://www.3gpp.org/DynaReport/38472.htm},
 year = {2020}
}

@techreport{3gpp.38.473,
 author = {3GPP},
 day = {23},
 institution = {{3rd Generation Partnership Project (3GPP)}},
 month = {12},
 note = {Version 16.8.0},
 number = {38.473},
 title = {{NG-RAN; F1 Application Protocol (F1AP)}},
 type = {Technical Specification (TS)},
 url = {http://www.3gpp.org/DynaReport/38473.htm},
 year = {2021}
}

@techreport{3gpp.38.474,
 author = {3GPP},
 day = {4},
 institution = {{3rd Generation Partnership Project (3GPP)}},
 month = {1},
 note = {Version 16.1.0},
 number = {38.474},
 title = {{NG-RAN; F1 data transport}},
 type = {Technical Specification (TS)},
 url = {http://www.3gpp.org/DynaReport/38474.htm},
 year = {2021}
}

@techreport{3gpp.38.475,
 author = {3GPP},
 day = {10},
 institution = {{3rd Generation Partnership Project (3GPP)}},
 month = {11},
 note = {Version 0.3.0},
 number = {38.475},
 title = {{NG-RAN; F1 interface user plane protocol}},
 type = {Technical Specification (TS)},
 url = {http://www.3gpp.org/DynaReport/38475.htm},
 year = {2017}
}

@techreport{3gpp.38.508-1,
 author = {3GPP},
 day = {13},
 institution = {{3rd Generation Partnership Project (3GPP)}},
 month = {1},
 note = {Version 17.3.0},
 number = {38.508-1},
 title = {{5GS; User Equipment (UE) conformance specification; Part 1: Common test environment}},
 type = {Technical Specification (TS)},
 url = {http://www.3gpp.org/DynaReport/38508-1.htm},
 year = {2022}
}

@techreport{3gpp.38.508-2,
 author = {3GPP},
 day = {3},
 institution = {{3rd Generation Partnership Project (3GPP)}},
 month = {1},
 note = {Version 17.3.0},
 number = {38.508-2},
 title = {{5GS; User Equipment (UE) conformance specification; Part 2: Common Implementation Conformance Statement (ICS) proforma}},
 type = {Technical Specification (TS)},
 url = {http://www.3gpp.org/DynaReport/38508-2.htm},
 year = {2022}
}

@techreport{3gpp.38.509,
 author = {3GPP},
 day = {3},
 institution = {{3rd Generation Partnership Project (3GPP)}},
 month = {1},
 note = {Version 16.3.0},
 number = {38.509},
 title = {{5GS; Special conformance testing functions for User Equipment (UE)}},
 type = {Technical Specification (TS)},
 url = {http://www.3gpp.org/DynaReport/38509.htm},
 year = {2022}
}

@techreport{3gpp.38.521-1,
 author = {3GPP},
 day = {3},
 institution = {{3rd Generation Partnership Project (3GPP)}},
 month = {1},
 note = {Version 17.3.0},
 number = {38.521-1},
 title = {{NR; User Equipment (UE) conformance specification;  Radio transmission and reception; Part 1: Range 1 standalone}},
 type = {Technical Specification (TS)},
 url = {http://www.3gpp.org/DynaReport/38521-1.htm},
 year = {2022}
}

@techreport{3gpp.38.521-2,
 author = {3GPP},
 day = {13},
 institution = {{3rd Generation Partnership Project (3GPP)}},
 month = {1},
 note = {Version 16.10.0},
 number = {38.521-2},
 title = {{NR; User Equipment (UE) conformance specification;  Radio transmission and reception; Part 2: Range 2 standalone}},
 type = {Technical Specification (TS)},
 url = {http://www.3gpp.org/DynaReport/38521-2.htm},
 year = {2022}
}

@techreport{3gpp.38.521-3,
 author = {3GPP},
 day = {3},
 institution = {{3rd Generation Partnership Project (3GPP)}},
 month = {1},
 note = {Version 17.3.0},
 number = {38.521-3},
 title = {{NR; User Equipment (UE) conformance specification; Radio transmission and reception; Part 3: Range 1 and Range 2 Interworking operation with other radios}},
 type = {Technical Specification (TS)},
 url = {http://www.3gpp.org/DynaReport/38521-3.htm},
 year = {2022}
}

@techreport{3gpp.38.521-4,
 author = {3GPP},
 day = {3},
 institution = {{3rd Generation Partnership Project (3GPP)}},
 month = {1},
 note = {Version 16.10.0},
 number = {38.521-4},
 title = {{NR; User Equipment (UE) conformance specification; Radio transmission and reception; Part 4: Performance}},
 type = {Technical Specification (TS)},
 url = {http://www.3gpp.org/DynaReport/38521-4.htm},
 year = {2022}
}

@techreport{3gpp.38.522,
 author = {3GPP},
 day = {3},
 institution = {{3rd Generation Partnership Project (3GPP)}},
 month = {1},
 note = {Version 17.3.0},
 number = {38.522},
 title = {{NR; User Equipment (UE) conformance specification; Applicability of radio transmission, radio reception and radio resource management test cases}},
 type = {Technical Specification (TS)},
 url = {http://www.3gpp.org/DynaReport/38522.htm},
 year = {2022}
}

@techreport{3gpp.38.523-1,
 author = {3GPP},
 day = {4},
 institution = {{3rd Generation Partnership Project (3GPP)}},
 month = {1},
 note = {Version 16.10.0},
 number = {38.523-1},
 title = {{5GS; User Equipment (UE) conformance specification; Part 1: Protocol}},
 type = {Technical Specification (TS)},
 url = {http://www.3gpp.org/DynaReport/38523-1.htm},
 year = {2022}
}

@techreport{3gpp.38.523-2,
 author = {3GPP},
 day = {3},
 institution = {{3rd Generation Partnership Project (3GPP)}},
 month = {1},
 note = {Version 16.10.0},
 number = {38.523-2},
 title = {{5GS; User Equipment (UE) conformance specification; Part 2: Applicability of protocol test cases}},
 type = {Technical Specification (TS)},
 url = {http://www.3gpp.org/DynaReport/38523-2.htm},
 year = {2022}
}

@techreport{3gpp.38.523-3,
 author = {3GPP},
 day = {23},
 institution = {{3rd Generation Partnership Project (3GPP)}},
 month = {12},
 note = {Version 17.1.0},
 number = {38.523-3},
 title = {{5GS; User Equipment (UE) conformance specification; Part 3: Protocol Test Suites}},
 type = {Technical Specification (TS)},
 url = {http://www.3gpp.org/DynaReport/38523-3.htm},
 year = {2021}
}

@techreport{3gpp.38.533,
 author = {3GPP},
 day = {19},
 institution = {{3rd Generation Partnership Project (3GPP)}},
 month = {1},
 note = {Version 17.1.0},
 number = {38.533},
 title = {{NR; User Equipment (UE) conformance specification; Radio Resource Management (RRM)}},
 type = {Technical Specification (TS)},
 url = {http://www.3gpp.org/DynaReport/38533.htm},
 year = {2022}
}
