@online{release19993gpp,
  author = {3GPP},
  title = {Release 1999},
  url = {https://www.3gpp.org/specifications/releases/77-release-1999},
  urldate = {2022-03-20}
}

@online{release103gpp,
  author = {3GPP},
  title = {Release 10},
  url = {https://www.3gpp.org/specifications/releases/70-release-10},
  urldate = {2022-03-20}
}

@online{epc3gpp,
  author = {Frédéric Firmin, 3GPP MCC},
  title = {The Evolved Packet Core},
  url = {https://www.3gpp.org/technologies/keywords-acronyms/100-the-evolved-packet-core},
  urldate = {2022-03-20}
}

@online{release153gpp,
  author = {3GPP},
  title = {Release 15},
  url = {https://www.3gpp.org/release-15},
  urldate = {2022-03-20}
}
